1695 3241
149 2428 201 2627 Tabula
146 2148 213 2392 Synoptica
143 1779 193 2115 Familiarum
158 1687 188 1743 ex
137 1489 188 1653 Ordine
137 1020 204 1455 Hymenopterorum
135 478 202 981 Chrysidzformium.

265 2498 310 2680 Phalanx
262 2430 302 2459 I.
258 2159 301 2356 Maxillae
265 2086 299 2127 et
254 1882 298 2057 Labium
252 1610 295 1854 mediocria:
250 1449 307 1576 ligula
249 1172 300 1421 subconica,
248 953 291 1143 maxillae

346 2133 389 2358 processus
331 1924 374 2103 exterior
325 1438 371 1895 rotundato-obtusus.

423 2478 456 2562 sect.
419 2419 451 2450 l.
417 2192 450 2370 Abdomen
427 2071 460 2168 supra
415 1868 458 2047 subtusque
425 1648 445 1843 convexum.
410 1427 442 1609 Pronotum
408 1299 441 1403 amice
408 994 441 1274 ovato-obtusum
433 955 440 961 .
407 836 440 929 Fam.
407 785 440 813 l.
407 573 451 756 Cleptidae
408 471 440 550 nob.

481 2479 514 2560 Sect.
477 2421 509 2452 2.
473 2192 506 2370 Abdomen
486 2071 518 2168 supra
484 1856 510 2046 convexum,
471 1716 504 1832 subtus
467 1449 514 1693 planiusculum
465 1207 508 1425 marginatum
474 1153 498 1183 et
473 1059 510 1133 post
477 953 498 1043 mor-

541 2304 564 2369 tem
539 2144 575 2280 propter
530 2003 563 2121 viscera
537 1817 562 1980 contracta
537 1763 560 1793 et
526 1585 560 1739 exsiccata
525 1365 570 1561 plerumque
522 1110 570 1350 fornicatum.

589 2390 625 2520 Divisio
588 2332 621 2363 l.
586 2101 629 2284 Unguiculi
597 1918 621 2078 tarsorum
585 1810 619 1894 infra
583 1672 618 1784 serrati
584 1598 616 1647 vel
580 1386 628 1574 pectinulati
605 954 614 1366 ........
579 833 613 927 Fam.
579 783 613 816 2.
580 542 624 758 Elampidae
581 447 614 524 nob.

647 2389 682 2516 Divisio
646 2331 679 2365 2.
643 2102 687 2284 Unguiculi
655 1921 678 2079 tarsorum
643 1810 676 1894 infra
639 1509 676 1786 uni-denticulati
662 954 672 1484 ..........
637 832 671 928 Fam.
637 782 671 814 3.
637 512 684 757 Hedycltridae
638 423 671 501 nob.

705 2392 739 2520 Divisio
703 2334 737 2368 3.
701 2106 745 2287 Unguiculi
711 1923 735 2082 tar-sorum
700 1784 734 1898 mutici
710 1729 734 1760 et
700 1555 733 1707 inermes.

765 2418 795 2456 A.
759 2168 794 2367 Abdominis
759 1990 802 2145 segmenti
759 1830 792 1966 dorsalis
758 1732 793 1805 3:1ii
770 1595 800 1708 margo
755 1438 803 1570 apicalis
766 1358 790 1412 aut
756 1177 795 1334 mutiens,
765 1092 788 1146 aut
754 953 787 1061 undu-

820 2274 857 2367 latus,
826 2195 850 2250 aut
816 2139 857 2170 l,
817 2082 856 2115 2,
816 2025 856 2058 3,
817 1969 857 2001 4,
816 1911 855 1945 5,
816 1684 850 1885 6-dentatus
837 954 850 1658 .............
811 833 844 928 Fam.
810 782 844 815 4.
810 522 856 755 Chrysididae
811 422 843 502 nob.

877 2418 910 2457 B.
873 2169 909 2368 Abdominis
874 1992 917 2146 segmenti
873 1830 908 1966 dorsalis
873 1732 908 1806 3:tii
886 1597 916 1709 margo
872 1440 918 1572 apicalis
881 1278 906 1417 serratus
895 953 904 1255 ......
868 832 901 928 Fam.
867 781 900 812 5.
867 421 903 754 Euchrueidaenob.

973 2496 1018 2679 Phalanx
970 2417 1012 2466 11.
966 2158 1010 2355 Maxillae
974 2085 1009 2126 et
967 1879 1009 2056 Labium
965 1602 1008 1840 abnormia:
965 1435 1023 1563 ligula
972 1364 1007 1405 et
963 1079 1006 1334 maxillarum
975 952 1018 1048 pro-

1057 2213 1085 2356 cessus
1041 1916 1098 2174 longissima,
1040 1668 1098 1876 producta
1041 1586 1082 1631 in
1047 1367 1082 1548 rostrum
1045 1199 1080 1328 tenue
1036 954 1086 1163 filiforme,

1115 2047 1174 2355 promuscidem
1117 1879 1172 2016 Apum
1114 1624 1165 1842 simulans,
1116 1542 1156 1585 in
1116 1363 1170 1503 quiete
1111 1248 1155 1329 sub
1119 1044 1168 1217 pectore
1124 950 1153 1015 re-

1193 2193 1235 2357 flexum.

1276 2385 1313 2583 Abdominis
1275 2205 1320 2360 segmenti
1275 2044 1310 2180 dorsalis
1274 1912 1308 2020 ultimi
1286 1775 1318 1887 margo
1273 1617 1319 1750 apicalis
1282 1456 1306 1593 serratus
1294 955 1306 1424 .........
1267 833 1300 926 Fam.
1264 784 1299 816 6.
1265 529 1311 756 Parnopidae
1268 436 1302 514 nob.

141 307 245 350 Tab.
264 307 367 363 Syn.
388 305 432 348 F
431 305 545 348 amil.
564 320 613 348 ex
629 304 736 348 ord.
754 306 792 347 H
794 309 1014 360 ymenopt.
1038 301 1371 360 Chmsidffornn.

1435 303 1459 344 7
