1695 3241
217 309 301 349 138
606 308 642 346 7.
709 304 914 361 Chrysis:
952 303 1155 346 Phalanx
1185 306 1223 346 Ι.

215 439 362 465 crasse
392 429 431 463 et
463 421 627 462 modice
652 427 860 476 pam-tata
889 435 1068 478 cyanea,
1098 423 1278 477 pronoti
1306 423 1505 477 margine
1535 438 1610 464 an·

215 500 298 540 lico
329 502 370 537 et
399 502 616 536 mesonoto
647 495 984 546 viridi—aureis,
1023 495 1248 537 abdomine
1285 511 1611 551 cupreo-aureo

211 576 416 626 pum-tato
446 576 487 610 et
511 569 792 624 punctulum,
829 571 1040 622 segmenti
1078 571 1191 612 3:123
1220 572 1420 625 margine
1450 571 1613 625 apicali

214 644 527 695 viridi-aeneo,
562 645 676 685 serie
706 643 1002 698 ante-apicali
1017 643 1214 699 soveolis
1236 647 1395 700 paucis
1424 645 1613 686 crassio-

213 717 353 770 ribus,
392 724 538 759 ventre
569 718 704 772 plano
743 717 876 758 viridi
884 733 1072 774 -cyaneo
1082 721 1243 773 -picto,
1283 719 1367 761 alis
1399 718 1614 776 hyaliuis:

213 794 334 833 venis
349 791 515 848 fascis,
546 791 700 833 cellula
729 791 894 833 radioli
923 793 1143 849 completa.

263 897 409 943 Chrysis
433 897 588 931 nitidula
615 898 765 931 Germar.
783 899 821 931 It.
838 898 981 931 Dalmat.
1007 897 1087 932 260.
1114 898 1176 942 43;
1199 899 1306 932 Faun.
1326 899 1390 931 Ins.
1407 899 1535 943 Europ.
1555 898 1611 932 IV.

330 955 381 997 fig.
402 954 456 988 12.
483 953 585 998 (Non
603 954 747 988 Fabricii
769 955 850 988 Chr.
868 955 1038 997 nitidula,
1065 968 1148 1000 quae
1165 955 1199 987 in
1218 965 1325 989 nostra
1343 955 1508 998 Plialange
1522 955 1612 989 Vl:ta

330 1009 505 1053 occurrit.)

263 1069 408 1114 Chrysis
435 1068 603 1103 Germari
625 1068 805 1102 Wesmaal
830 1068 947 1102 Notice
971 1077 1029 1103 etc.
1053 1080 1126 1113 pag.
1147 1067 1200 1102 ll.

302 1161 483 1203 Habitat
519 1163 563 1202 in
598 1162 772 1216 Europa
802 1159 1067 1202 meridionali
1097 1175 1194 1210 rar.;
1234 1162 1278 1201 in
1301 1159 1475 1202 Croatia
1505 1176 1528 1202 a
1558 1162 1614 1203 D.

217 1236 402 1277 Ger-mar
439 1235 622 1283 detecta;
662 1236 703 1275 in
744 1234 880 1276 insula
921 1234 1068 1276 Melita
1105 1236 1228 1275 maris
1267 1233 1560 1276 mediterranei
1591 1249 1613 1276 a

214 1311 268 1351 D.
299 1309 487 1352 Antonio
521 1309 744 1351 Schembm·
783 1311 971 1360 inventa,
1011 1315 1118 1350 teste
1157 1309 1213 1350 D.
1251 1308 1511 1351 Zetterstedt
1542 1311 1613 1364 qui

213 1386 425 1439 specimen
455 1383 679 1426 Melitense
711 1384 809 1425 mihi
840 1383 957 1426 dono
990 1382 1117 1424 dedit.

302 1457 523 1500 Observ.
587 1458 796 1515 Chryside·
824 1461 1069 1500 succinctae
1098 1457 1222 1499 valde
1253 1458 1416 1508 similis,
1452 1464 1494 1498 at
1523 1471 1616 1498 cor-

213 1547 320 1589 pore
351 1535 532 1582 minore,
571 1546 654 1573 ano
689 1535 958 1587 integerrimo
991 1539 1067 1573 etc.
1099 1531 1223 1572 facile
1254 1531 1525 1588 dignoscitur.
1557 1555 1614 1562 -—

215 1607 386 1663 Corpus
416 1621 591 1662 parvum
622 1604 926 1647 subrobustum
953 1606 1101 1647 fusco-
1132 1613 1173 1646 et
1204 1604 1614 1662 griseo-pubescens

214 1681 541 1737 pilosellumque
562 1679 748 1721 nitidum.
801 1679 945 1735 Caput
969 1679 1250 1721 orbiculatum
1272 1694 1503 1721 convexum
1525 1694 1614 1722 mo-

214 1755 306 1797 dice
336 1762 582 1811 punctatum
615 1761 655 1795 et
685 1754 988 1810 punctulatum‚
1017 1761 1205 1809 pronoto
1234 1753 1468 1810 paullulum
1489 1754 1614 1796 latius

215 1844 439 1884 cyaneum,
476 1829 647 1870 maculis
680 1831 818 1884 parvis
849 1827 1149 1884 irregularibus
1181 1835 1277 1869 ante
1309 1836 1350 1869 et
1380 1836 1480 1884 post
1509 1830 1615 1870 vire—

214 1902 447 1952 scentibus3
489 1905 644 1943 cavitas
682 1903 841 1944 facialis
872 1903 1093 1944 confertim
1124 1902 1614 1958 puuctulato-coriacea‚

214 1977 323 2018 laete
362 1976 505 2018 viridis
545 1979 743 2033 utrinque
783 1976 1228 2033 argenteo-pilosella.
1289 1976 1483 2033 Clypeus
1519 1977 1614 2018 hre-

212 2053 402 2092 vissimus
433 2051 666 2107 inaequalis
696 2052 969 2108 punctulatus
1002 2051 1144 2093 viridis
1175 2051 1346 2094 nitidus.
1394 2052 1615 2092 Antennae

214 2124 415 2166 robustae
445 2127 742 2181 nigro-fuscae
774 2125 1172 2181 cano-puberulae‚
1211 2140 1341 2181 scapo
1372 2125 1512 2176 viridi,
1545 2139 1615 2180 pe·

214 2198 369 2240 dicello
392 2206 432 2240 et
453 2199 632 2240 articulo
653 2201 754 2241 3:50
775 2215 900 2255 supra
923 2215 972 2241 ex
993 2206 1112 2255 parte
1134 2200 1451 2242 concoloribus.
1496 2200 1616 2240 Mau-

214 2272 386 2314 dibulae
416 2271 568 2315 breves
598 2273 810 2324 robustae,
841 2273 934 2315 basi
965 2275 1229 2323 virescentes,
1261 2273 1400 2315 medio
1424 2273 1548 2315 rufo-
1575 2281 1614 2314 et

215 2349 334 2403 apice
371 2350 683 2404 nigro-piceae.
752 2350 988 2390 Pronotum
1026 2347 1156 2389 breve
1196 2355 1479 2389 transversum
1515 2345 1615 2388 sub-

214 2421 500 2478 rectangulum
533 2436 749 2478 cyaneum,
780 2437 876 2478 pars
908 2424 1044 2463 antica
1070 2422 1355 2464 viridi-aurea
1386 2428 1616 2477 punctato-

216 2495 532 2538 suhreticulata:
574 2496 699 2538 fovea
732 2496 923 2539 mediana
955 2496 1168 2547 obsoleta,
1205 2504 1446 2538 truncatura
1479 2498 1614 2537 antica

217 2569 389 2612 declivis
430 2570 865 2613 aenescenti-viridis:
905 2572 1041 2612 antice
1080 2570 1205 2613 fovea
1245 2570 1416 2613 centrali
1453 2572 1614 2626 gemina

216 2644 347 2698 polita
379 2643 588 2694 violacea3
630 2660 725 2700 pars
759 2647 920 2701 postica
952 2645 1116 2687 modice
1149 2652 1348 2701 punctata
1381 2645 1406 2686 l.
1438 2652 1617 2700 punctu-
