1695 3241
367 277 414 319 F
412 278 526 319 amil.
547 277 839 333 Parnopidae.
883 277 949 318 12.
974 276 1211 332 Par-nopes.
1415 276 1502 318 383

103 396 183 436 tica
213 393 546 444 rufo-testacea3
584 401 720 451 caput,
749 408 898 452 scapus
929 401 1214 443 antennarum,
1244 392 1402 443 thorax,
1432 405 1504 433 co-

102 482 178 510 xae
215 467 372 524 pedum
404 467 727 524 abdominisque
757 474 1014 524 segmentum
1047 466 1215 508 dorsale
1247 468 1390 508 42tum
1421 481 1503 508 me-

103 541 243 583 tallice
280 541 429 584 viridia
469 557 518 583 ex
556 556 687 584 aureo
727 541 1052 598 resplendentia.
1126 540 1298 581 Alarum
1336 539 1503 596 tegulae

104 614 428 672 abdominisque
469 630 611 672 margo
649 615 782 658 analis
820 615 1110 672 pallescenteS.
1179 614 1504 656 Postscutellum

103 688 429 731 tuberculatum:
462 689 685 731 tuberculo
716 704 849 744 parvo
882 689 1037 731 obtuso
1060 689 1211 730 leniter
1235 691 1503 743 emarginato.

103 762 353 805 Abdominis
383 770 642 819 segmentum
675 762 843 805 dorsale
875 765 1019 806 4ztum
1051 777 1285 804 convexum
1307 777 1387 804 nec
1407 768 1505 803 ante

102 839 327 893 marginem
365 839 564 893 utrinque
596 862 650 868 —
683 843 730 879 ut
766 840 810 879 in
840 837 1013 894 reliquis
1044 838 1168 893 hujus
1201 836 1382 879 Generis
1413 851 1508 892 spe-

103 910 248 952 ciebus
280 935 335 943 -—
367 911 630 967 depressum;
662 927 804 969 margo
835 912 965 954 analis
997 918 1191 953 arcuatus
1222 910 1418 953 nonnihil
1445 912 1508 951 in-

103 992 311 1027 crassatus
341 1009 401 1018 —-
431 986 598 1028 fortiter
627 987 878 1028 serrulatus:
911 986 1136 1028 denticulis
1167 987 1299 1027 acutis
1332 984 1507 1040 oblique

103 1058 312 1114 pendulis.

161 1207 296 1250 Divis.
327 1209 367 1250 2.
428 1207 754 1251 Postscutellum
793 1211 838 1251 in
878 1215 1024 1250 centro
1061 1215 1263 1249 armatum
1303 1221 1507 1262 processu

431 1283 561 1340 plano
593 1283 847 1325 horizontali
878 1289 1005 1325 ovato
1037 1288 1110 1323 aut
1129 1281 1373 1333 rotundato,
1402 1296 1507 1323 mar-

433 1359 529 1413 gine
559 1357 780 1400 crenulato
812 1364 853 1400 et
882 1357 1016 1399 veluti
1046 1356 1201 1398 lacero.

348 1496 439 1535 212.
494 1497 742 1550 Parnopes
768 1497 986 1536 Fischeri
1013 1494 1189 1547 Spinola.
1219 1492 1262 1536 Ω.

191 1577 435 1622 Mediocris
464 1581 491 1623 3
513 1582 588 1623 lin.
620 1582 814 1623 decimal.
845 1582 962 1635 long.
984 1595 1137 1635 sparse
1167 1585 1243 1620 aut
1271 1578 1509 1621 subremote

100 1660 310 1708 punctam
344 1655 485 1710 polita
526 1656 794 1697 viridissima
831 1655 991 1710 tegulis
1028 1653 1392 1710 viridi-cyaneas,
1433 1669 1509 1694 αη-

105 1729 246 1768 tennis
273 1729 470 1782 genubus
500 1730 701 1786 libiisque
723 1737 921 1785 exparte
942 1730 1158 1783 tar-sisque
1181 1729 1282 1769 totis
1303 1728 1509 1769 latescen-

105 1800 233 1853 tibus,
263 1804 464 1857 margine
495 1804 616 1844 anah·
645 1803 912 1858 triangulari
932 1802 1184 1852 subcarneo,
1217 1801 1299 1842 alis
1320 1801 1509 1857 hyalinis

106 1876 166 1916 ad
194 1882 358 1918 costam
387 1876 580 1917 sordidis
609 1879 730 1918 venis
743 1878 900 1934 firmis
923 1877 1077 1931 piceis.

176 1966 359 2011 Parnopes
383 1967 547 2001 Fischeri
571 1967 708 2012 Spinola
732 1968 853 2001 Annal.
881 1965 982 2000 1838.
1009 1966 1095 2000 455:
1115 1966 1193 2000 XII.
1219 1967 1404 1999 secundum
1435 1979 1509 2011 spe—

247 2023 354 2057 cimen
379 2024 527 2072 typicum
552 2024 632 2057 mihi
657 2025 815 2057 benevole
841 2024 1131 2057 communicatum.

194 2100 376 2143 Habitat
404 2103 448 2142 in
482 2102 696 2159 Aegypto,
738 2116 761 2142 a
793 2101 916 2142 Dom.
949 2100 1134 2142 Fischer
1165 2099 1350 2150 detecta3
1397 2101 1507 2142 Mus.

107 2177 232 2217 Dom.
265 2174 462 2230 Spinola.

195 2248 419 2291 Observ.
470 2250 648 2300 Pictura,
680 2255 888 2306 punctura
919 2256 960 2291 et
990 2248 1177 2305 politura
1208 2251 1400 2305 corporis
1431 2263 1511 2291 nec

106 2337 196 2366 non
226 2323 361 2365 forma
391 2325 593 2379 segmenti
623 2323 790 2366 abdom.
813 2322 990 2365 dorsalis
1023 2322 1157 2364 ultimi
1178 2338 1201 2364 a
1221 2323 1395 2380 reliquis
1417 2338 1511 2379 spe-

108 2397 252 2440 ciebus
283 2398 407 2454 hujus
439 2397 621 2440 Generis
652 2397 776 2439 valde
807 2397 983 2439 diversa.

197 2471 370 2528 Corpus
408 2471 920 2529 lineari-subellipticum,
959 2473 1174 2528 angustius
1207 2479 1247 2514 et
1277 2471 1409 2513 multo
1440 2474 1512 2513 mi-

108 2559 186 2588 nus
216 2545 440 2589 robustum
472 2560 594 2602 quam
626 2549 669 2588 in
689 2547 897 2604 Parnope
926 2562 1099 2599 carnea,
1130 2545 1420 2588 viridissimum
1449 2549 1511 2589 ni-

108 2619 251 2662 tidum.
329 2621 473 2677 Caput
518 2621 738 2664 confertim
785 2621 1289 2678 punctato-rugulosum;
1341 2621 1511 2665 Cavitas
