1695 3241
215 306 301 348 276
389 304 436 346 F
435 303 548 345 amil.
571 301 872 358 Chrysididae.
911 299 1116 356 Chrysis.-
1149 299 1355 341 Phalanx
1382 301 1458 342 VI.

216 418 529 468 aureo-viride,
561 416 792 458 confertius
824 415 989 458 modice
1018 422 1283 472 punctatum;
1336 417 1465 458 series
1496 425 1611 459 ante-

214 493 382 549 apicalis
423 490 681 542 oblitterata,
727 505 804 547 per
842 490 1038 532 lineolam
1079 489 1314 531 obsoletam
1353 497 1513 532 tantum
1552 494 1615 533 in—

214 568 381 616 choata,
431 565 629 607 foveolae
676 566 784 606 inter
820 564 984 620 reliqua
1022 565 1224 619 segmenti
1262 571 1418 619 puncta
1457 564 1613 606 solum-

213 639 341 681 modo
381 654 618 696 perpaucae
658 646 698 681 et
736 637 905 695 quidem
944 637 1117 679 difficile
1157 637 1375 680 observari
1411 645 1611 693 possunt3

214 713 360 755 dentes
391 714 574 769 apicales
605 713 782 763 robusti,
812 711 1098 767 magnitudine
1130 711 1377 763 mediocres,
1413 711 1611 768 aequales

213 789 325 829 acuti
356 803 380 828 a
409 787 540 830 latere
560 787 794 844 paullulum
816 788 976 836 remoti,
1009 788 1239 827 interstitiis
1260 785 1447 842 perfecte
1471 800 1614 828 arcua-

215 864 282 912 tis;
315 877 457 919 margo
489 861 671 904 lateralis
701 860 755 902 ad
786 867 974 902 centrum
1006 860 1160 916 angulo
1185 874 1318 916 parvo
1341 859 1562 902 subacuto.

467 995 558 1033 154.
614 993 811 1044 Chrysis
840 992 1072 1031 manicata
1098 991 1231 1030 lem.
1261 989 1353 1035 (ΥΩ.

301 1086 555 1141 Submagna
584 1085 758 1139 33—-33
787 1085 860 1125 lin.
893 1084 1086 1126 decimat.
1118 1084 1234 1138 long.
1265 1082 1442 1124 robusta
1470 1089 1614 1124 ovalo·

213 1160 399 1215 oblonga
439 1176 587 1201 erasse
617 1164 830 1214 petractata
861 1158 1227 1215 cyaneo-viridia,
1267 1157 1491 1198 abdomine
1520 1157 1613 1197 lou-

208 1234 408 1288 giusculo
447 1234 775 1284 viridi-aureo,
815 1240 962 1274 ventre
998 1234 1127 1287 nigro
1138 1256 1169 1284 -,
1208 1232 1367 1274 viride·-
1398 1238 1439 1273 et
1467 1233 1613 1286 igneo-

206 1309 339 1363 picto,
355 1307 542 1363 pedibus
562 1307 783 1357 viridibus,
806 1309 940 1349 tarsis
962 1304 1030 1359 (εἴ
1039 1309 1057 1360 >
1080 1306 1394 1348 albo-testaceis
1415 1303 1472 1357 (Ω
1489 1305 1615 1346 brun-

210 1384 304 1423 neis
314 1384 344 1433 )‚
374 1383 584 1436 segmenti
604 1382 712 1423 3εἰίἰ
734 1382 848 1421 serie
868 1382 1147 1436 ante-apicali
1167 1381 1386 1432 distincta,
1418 1380 1615 1434 margine

212 1456 386 1497 laterali
415 1458 571 1498 medico
604 1457 714 1506 (non
747 1456 1051 1510 acutangulo).

300 1529 481 1571 Habitat
519 1531 563 1571 in
602 1528 738 1569 insula
769 1528 944 1579 Rhodo,
991 1543 1134 1570 mense
1173 1529 1290 1584 Majo
1330 1542 1354 1568 a
1394 1527 1490 1568 DD.
1528 1526 1615 1567 He-

213 1603 404 1656 denborg
436 1609 476 1643 et
507 1602 637 1643 Loew
670 1601 846 1643 detecta.
908 1603 1018 1643 Mus.
1050 1602 1104 1642 D.
1135 1601 1280 1643 Loew.

302 1675 525 1716 Observ.
599 1674 737 1715 Valde
788 1675 930 1716 similis
978 1675 1185 1732 Chryside
1235 1690 1436 1716 armenae
1475 1675 1612 1730 Spin.:

212 1748 288 1790 sed
327 1763 507 1805 corpore
547 1749 758 1804 longiore,
804 1749 986 1790 thoracis
1018 1749 1147 1790 dorso
1181 1747 1504 1803 cyaneo-viridi
1535 1762 1614 1789 nec

212 1822 608 1872 aureo-maculato,
649 1824 756 1863 serie
793 1822 1077 1877 ante-apicali
1107 1822 1319 1872 distincta,
1358 1836 1483 1877 segm.
1514 1823 1615 1863 3:1ii

211 1898 394 1951 margine
425 1895 587 1936 laterali
617 1909 705 1936 non
737 1895 936 1951 angulato
968 1895 1043 1937 sed
1074 1896 1284 1937 lenissime
1305 1903 1487 1945 arcuato,
1517 1910 1617 1937 ven-

212 1976 274 2010 tre
312 1971 545 2024 variegato,
591 1969 773 2025 pedibus
812 1969 1017 2011 viridibus
1050 1977 1128 2011 etc.
1160 1977 1206 2010 ut
1244 1972 1418 2025 propria
1453 1972 1613 2025 species

212 2050 325 2084 certe
356 2042 635 2098 distinguitur.
700 2042 892 2098 Clypeus
925 2046 1108 2099 margine
1142 2043 1291 2099 apicali
1322 2045 1612 2100 nigro-aeneo

212 2115 348 2171 polito
379 2116 620 2172 prominulo
654 2131 741 2158 non
775 2125 969 2158 arcuatus
1002 2117 1077 2159 sed
1108 2124 1381 2158 transversus.
1445 2119 1615 2159 Thorax

211 2189 373 2241 viridis,
414 2189 576 2231 dorsuli
607 2204 702 2231 area
733 2190 869 2231 media
902 2190 1184 2246 omnibusque
1217 2193 1368 2232 suturis
1402 2198 1443 2232 et
1473 2190 1617 2232 dorsa-

212 2263 322 2305 libus
356 2271 396 2305 et
426 2263 713 2320 pectoralibus
747 2266 930 2319 cyaneis.
992 2265 1212 2305 Antennae
1244 2265 1396 2315 fuscae,
1435 2264 1525 2306 basi
1556 2267 1616 2306 vi-

212 2344 434 2388 rescentes,
466 2335 506 2380 d*
527 2337 831 2394 longiusculae,
864 2336 893 2379 Ω
915 2337 1080 2380 breves.
1133 2338 1237 2380 Alae
1257 2338 1465 2394 hyalinae,
1497 2338 1614 2380 disco

214 2419 254 2452 et
284 2414 327 2452 in
360 2411 510 2453 cellula
541 2412 688 2453 radiali
717 2411 911 2453 nonnihil
941 2411 1151 2463 sordidae,
1182 2414 1299 2454 venis
1330 2411 1520 2453 firmibus
1552 2412 1618 2453 fu-

213 2487 312 2535 scis,
362 2486 514 2527 cellula
554 2486 701 2528 radiali
740 2485 1049 2541 triangulariter
1086 2486 1321 2528 lanceolata
1351 2487 1616 2542 incompleta,

215 2561 334 2613 apice
375 2559 540 2601 modice
579 2567 735 2616 aperta.
813 2559 1062 2602 Abdominis
1109 2561 1310 2616 segmenti
1347 2560 1446 2601 3:tii
1486 2563 1615 2602 series

220 2633 520 2688 ante—apicalis
554 2633 768 2685 distincta,
808 2633 991 2677 foveolis
1028 2633 1346 2691 irregularibuS,
1385 2633 1615 2689 majoribus
