1695 3241
211 284 295 326 184
580 281 617 321 7.
685 278 890 335 Chrysis.-
920 277 1126 320 Phalanx
1155 277 1238 319 IV.

210 398 291 440 cali
321 397 410 439 fere
440 402 564 445 caret,
595 393 939 450 quandoquidem
970 402 1127 451 puncta
1156 396 1286 436 totius
1316 395 1518 450 segmenti
1544 395 1607 435 in-

209 474 341 513 vicem
373 468 579 511 simillima
611 475 652 509 et
683 467 916 523 aequaliter
943 468 1142 524 adspersa
1163 467 1408 518 obveniunt,
1435 467 1511 509 sed
1531 482 1607 524 per

209 546 370 586 initium
400 544 594 598 marginis
626 541 797 596 apicalis
829 541 1091 597 (paullulum
1127 542 1384 594 humilioris)
1413 541 1535 583 locus
1566 549 1608 582 et

209 619 427 673 vestigium
458 617 552 658 talis
582 618 707 658 seriei
741 615 971 670 significata
1001 616 1217 665 videntur3
1257 629 1399 671 margo
1438 614 1608 672 apicalis

209 693 290 746 ipsi
318 698 533 747 segmento
566 689 791 739 concolor,
821 688 961 731 brevis
994 698 1204 741 arcuatus,
1242 691 1374 745 spinis
1403 690 1431 731 2
1461 689 1609 730 latera-

209 764 322 806 libus
343 764 529 807 robustis
551 771 673 806 acute
699 765 856 805 conicis
888 764 976 806 fere
1005 764 1213 806 subulatis
1243 765 1415 806 remotis
1445 762 1611 805 bi-den-

210 845 341 890 tatus,
379 839 478 880 hinc
515 840 626 880 inter
663 839 803 893 spinas
843 841 964 892 quasi
1001 838 1085 880 late
1117 840 1392 894 emarginatus
1423 837 1609 885 videtur;

212 912 288 954 sed
317 915 508 969 spatium,
540 911 659 967 quod
689 913 798 952 inter
827 914 968 967 spinas
990 919 1131 963 exstat,
1161 927 1208 954 re
1237 926 1337 953 vera
1368 911 1451 953 late
1480 919 1612 953 trans-

212 1001 379 1028 versum
409 994 452 1028 et
472 986 683 1027 lenissime
703 985 1000 1027 subarcuatum
1023 985 1229 1034 obvenit3.
1249 984 1475 1026 lateraliter
1504 987 1613 1026 inter

212 1062 372 1116 spinam
405 1067 447 1101 et
476 1061 680 1116 segmenti
708 1058 831 1101 basin
864 1066 928 1101 est
964 1074 1106 1115 margo
1146 1059 1298 1100 leniter
1337 1065 1378 1100 et
1418 1057 1613 1100 obsoleta

212 1133 454 1190 angulatum
493 1140 642 1194 venter
677 1132 704 1175 l.
735 1133 887 1189 planus
918 1133 944 1175 l.
975 1131 1324 1176 concaviusculus
1358 1131 1614 1187 viridi-cya-

213 1221 320 1249 neus
350 1207 521 1250 nitidus.

521 1340 609 1379 100.
665 1339 867 1392 Chrysis
894 1339 1090 1392 prasina
1116 1338 1234 1390 Klug.
1263 1336 1315 1383 ἅ.

301 1429 542 1473 Mediocris
579 1430 758 1473 robusta
795 1431 844 1485 2-32-
874 1431 948 1473 lin.
988 1430 1183 1472 decimal.
1220 1429 1336 1484 long.
1367 1428 1534 1471 modice
1572 1435 1618 1470 at

214 1503 444 1559 confertim
467 1513 702 1561 punctam,
745 1507 903 1547 vertice
941 1505 1215 1560 thoracisque
1245 1504 1376 1545 dorso
1406 1505 1616 1544 coriaceis

214 1578 538 1633 subrugulosis,
578 1579 727 1621 subtus
763 1594 927 1635 cyanea
963 1594 1098 1634 supra
1129 1577 1505 1634 cyaneo-viridis,
1545 1576 1617 1617 ab·

215 1652 402 1694 dominis
442 1654 571 1695 dorso
602 1653 930 1705 viridi-aureo,
969 1653 1090 1694 disco
1121 1651 1382 1706 submpmo,
1420 1653 1619 1706 margine

215 1728 377 1782 apicali
406 1727 736 1784 cyaneo-viridi
764 1728 951 1782 spinulis
980 1728 1157 1769 minutis
1187 1725 1434 1779 subtilibus,
1474 1728 1617 1781 spatio

215 1801 329 1842 inter
357 1801 735 1856 subrectangulari
765 1802 792 1842 l.
813 1801 1128 1856 subtrapezino.

263 1897 409 1943 Chrysis
420 1899 572 1942 prasina
591 1899 677 1941 Klug
694 1899 808 1945 Symb.
828 1897 924 1944 Phys.
942 1897 1090 1930 Berolin.
1118 1896 1218 1930 1845.
1244 1910 1329 1942 spec.
1351 1895 1404 1930 10.
1429 1896 1495 1930 tab.
1513 1897 1617 1929 XLV.

333 1955 385 1997 fig.
405 1955 459 1989 10.
501 1955 698 2000 (Specimen
724 1955 824 1998 Klugi
849 1955 996 2002 typicum
1021 1968 1091 1988 non
1115 1954 1219 1996 vidi.)

265 2011 412 2058 Chrysis
435 2013 619 2047 biltamata
646 2012 888 2046 Westermann
912 2012 947 2045 in
973 2012 1095 2046 litteris.

304 2095 487 2139 Habitat
511 2099 554 2138 in
577 2098 786 2153 Aegypto,
817 2097 928 2138 Mus.
950 2097 1007 2138 D.
1030 2095 1361 2147 Westermann3
1392 2097 1464 2150 qui
1489 2109 1623 2136 exem-

218 2170 311 2226 plar
342 2172 513 2212 unicum
544 2172 674 2211 amice
707 2172 1041 2212 communicavit.

307 2243 530 2286 ObserV.
584 2243 860 2286 praecedenti
889 2243 1120 2301 (Chryside
1150 2242 1416 2295 bihamatae)
1450 2244 1623 2283 maxime

219 2318 357 2360 affinis
390 2324 431 2359 et
461 2317 614 2369 similis,
647 2325 774 2372 atque
805 2318 981 2360 forsitan
1013 2316 1200 2374 ejusdem
1226 2315 1317 2357 sola
1338 2316 1516 2357 varietas
1537 2330 1622 2356 ma-

219 2392 346 2434 scula.
408 2392 554 2448 Quum
585 2406 688 2434 vero
720 2392 936 2448 sculptura
966 2392 1178 2433 thoracica
1209 2389 1387 2431 dorsalis
1423 2404 1505 2431 nec
1533 2403 1624 2431 non

219 2473 427 2508 structura
458 2466 589 2508 analis
629 2466 866 2509 abdominis
902 2466 1030 2522 longe
1067 2465 1173 2507 aliae
1203 2471 1302 2506 sunt
1330 2466 1375 2505 in
1410 2463 1625 2520 Chryside

214 2543 402 2596 prasina
433 2555 558 2597 quam
588 2543 632 2583 in
654 2541 870 2598 Chryside
900 2539 1141 2592 ὀὶἠαηιαία,
1173 2547 1300 2595 atque
1329 2536 1622 2580 tantummodo

222 2616 390 2656 unicum
434 2614 664 2671 Chrysidis
706 2617 918 2671 prasinae
961 2616 1172 2670 specimen
1213 2613 1349 2656 adhuc
1389 2613 1623 2654 examinare
