1695 3241
629 246 668 286 3.
735 245 925 287 Omalus.
1421 247 1475 288 31

432 360 470 398 9.
518 359 715 399 Omalus
742 360 972 412 parvulus
1017 361 1131 414 Klug.

187 435 206 491 Ξ
244 436 318 477 tin.
359 436 551 477 decimal.
595 436 709 491 long.
757 437 948 478 violaceo
968 454 1192 495 -cyancus
1237 437 1479 480 abdominis

81 510 212 552 dorso
241 509 585 563 rubro—aurato,
617 510 739 552 disco
771 511 1088 565 aeneo-fusco,
1127 514 1479 568 emarginaturae

81 584 223 626 unalis
253 584 362 625 lobis
391 585 675 626 mediocribus
706 584 852 626 obtuse
882 587 1248 641 triangularibus,
1283 594 1477 642 postscu-

80 659 178 700 tello
209 660 379 712 conica,
411 659 496 700 alis
526 659 767 700 clarissime
797 658 1130 716 albo-hyalinis.

125 741 301 786 Elampus
323 743 498 785 parvulus
523 742 609 784 Klug
634 743 723 775 Mus.
749 741 897 775 Berolin.

165 807 349 850 Habitat
377 810 421 849 in
443 809 657 850 Lusitania
679 810 733 850 D.
751 808 1120 866 Hoffmannsegg,
1146 809 1254 849 Mus.
1271 809 1460 850 Beroliu.

166 880 391 923 observ.
453 882 692 924 Simillimus
729 883 882 924 Omalo
922 890 1074 925 aurato
1113 885 1282 933 minori,
1324 890 1364 924 at
1400 883 1474 924 alis

78 955 302 997 clarissime
324 955 639 1013 albo-hyalinis
671 971 766 998 mox
797 956 1077 1013 distinguitur.
1125 956 1267 1013 Caput
1296 956 1476 1012 politum

78 1044 221 1086 sparse
250 1037 495 1085 punctatum
527 1030 930 1086 nigro-violaceum.
991 1032 1169 1073 Pronoti
1207 1046 1304 1086 pars
1340 1033 1476 1072 antica

79 1118 238 1159 cyanea
270 1103 434 1145 modice
464 1111 682 1160 punctata3
722 1108 895 1161 pronoti
933 1120 1029 1162 pars
1060 1107 1222 1161 postica
1254 1112 1294 1146 et
1326 1104 1477 1146 dorsu-

76 1178 162 1220 lum
193 1177 326 1233 polita
358 1178 700 1234 nigro-violacea
731 1182 896 1235 punctis
929 1179 1168 1235 majusculis
1198 1177 1474 1234 paucioribus

76 1252 292 1308 adspersa;
324 1252 547 1294 scutellum
577 1267 819 1304 convexum,
849 1253 1169 1310 postscutellum
1200 1252 1372 1308 gibbum
1403 1266 1475 1293 co-

76 1328 173 1368 nico
205 1325 551 1368 tuberculiforme
583 1326 798 1379 obtusum,
838 1343 974 1369 crasse
1012 1325 1473 1383 punctam-reticulata

76 1415 257 1456 cyanea;
296 1400 485 1454 reliquus
526 1402 671 1442 thorax
702 1416 903 1456 cyaneus.
964 1401 1189 1443 Abdomen
1222 1402 1396 1441 omnino
1428 1406 1474 1440 ut

74 1477 117 1516 in
142 1474 295 1515 Omalo
315 1481 481 1515 aurato.
534 1473 638 1515 Alae
669 1489 775 1530 pure
807 1475 1097 1530 albo-hyalina
1127 1475 1288 1530 absque
1313 1473 1472 1524 umbra,

72 1551 195 1597 venis,
220 1546 612 1589 brunnescentibus.

418 1695 480 1733 10.
527 1694 724 1734 Omalus
757 1696 967 1747 pusillus
1012 1695 1122 1734 Fabr.

161 1771 335 1813 Parvus
365 1772 509 1826 ξ--Ιὲ
538 1772 611 1813 lin.
644 1772 838 1814 decimat.
870 1772 1370 1829 long.'viridi-cyaneus
1400 1771 1472 1812 ab·

72 1846 258 1888 dominis
296 1849 648 1901 emarginaturae
694 1848 837 1888 unalis
885 1847 994 1888 iobis
1031 1847 1283 1901 majusculis
1323 1845 1470 1887 obtuse

71 1919 429 1973 subrectangulis‚
453 1921 732 1974 postscutello
764 1922 790 1961 l.
822 1920 1049 1962 subconico
1080 1920 1106 1960 l.
1128 1919 1469 1975 subhemisphae-

70 1995 184 2046 rico,
216 1995 300 2034 alis
330 1995 453 2049 apice
482 2000 551 2035 sat
566 1993 776 2048 fumosis.

117 2091 262 2137 Chrysis
286 2091 420 2134 pusilla
451 2091 551 2126 Fabr.
577 2091 665 2125 Piez.
693 2091 769 2125 176.
795 2091 851 2125 33.
877 2092 1058 2125 secundum
1082 2091 1260 2136 Exemplar
1287 2091 1322 2124 in
1348 2093 1468 2125 Museo

186 2148 260 2181 Kiel
285 2161 372 2181 anno
400 2147 490 2181 1847
517 2162 535 2181 a
559 2162 613 2181 me
638 2149 868 2182 examinatum.

111 2220 335 2266 Hedycltrum
364 2222 537 2265 pusillum
563 2222 699 2264 Megerl.
719 2222 806 2254 Mus.
825 2221 943 2256 Vienu.
995 2221 1098 2266 Quod
1122 2221 1287 2267 specimen
1312 2235 1374 2266 pro
1397 2222 1465 2255 De-

179 2277 356 2322 scriptione
379 2278 575 2312 Fabriciana
600 2279 758 2324 typicum
783 2279 885 2313 amice
910 2279 1163 2312 communicavit
1189 2279 1256 2311 Cel.
1284 2277 1424 2312 Kollar.

110 2350 287 2394 Elampus
310 2351 484 2385 violaceus
512 2353 598 2385 Mus.
625 2352 793 2396 Spinolae.

151 2434 333 2477 Habitat
353 2437 418 2485 „in
443 2437 609 2476 Austria
631 2435 741 2476 Mus.
764 2436 818 2476 D.
841 2435 895 2475 de
914 2434 1135 2489 BIeger-lffl
1155 2433 1279 2475 Fabr.
1301 2434 1328 2475 l.
1352 2450 1400 2486 c.,
1419 2437 1462 2477 in

65 2509 218 2550 Turcia
249 2509 304 2551 D.
326 2509 552 2561 Drewsen⁷
584 2511 626 2550 in
658 2508 807 2550 Silesia
838 2509 891 2550 D.
920 2508 1078 2562 Zeller‚
1110 2511 1150 2550 in
1174 2510 1384 2551 Posnania
1405 2511 1460 2552 D.

63 2582 208 2636 Loew,
239 2585 282 2625 in
306 2581 652 2639 Brandenburgia
683 2597 820 2639 prope
842 2583 1088 2626 Berolinum
1119 2586 1163 2625 in
1195 2598 1342 2641 campo
1373 2599 1462 2628 are-
