1695 3241
575 240 615 281 5.
677 240 921 299 Holopyga.
1391 244 1448 286 55

50 353 231 395 ticulata.
294 355 449 395 Totum
485 355 726 406 scutellum,
765 364 1022 400 metanotum
1054 366 1093 400 et
1125 358 1298 414 pleurae
1329 373 1448 416 regu—

49 428 192 470 lariter
230 435 270 469 et
309 427 405 484 plus
445 430 581 470 minus
614 444 751 471 crasse
782 433 1249 486 punctam-reticulata.
1312 433 1446 475 Pedes

50 510 91 544 et
130 509 403 544 antennarum
443 505 558 559 scapi
597 504 942 560 viridi-cyanei,
981 509 1100 548 tarsis
1140 506 1366 549 brunneo-
1406 515 1448 550 et

49 576 224 632 flagellis
254 577 545 632 nigro-fuscis.
597 577 702 620 Alae
732 578 941 630 sordidae,
972 579 1063 621 basi
1093 581 1300 637 hyalinae,
1327 583 1446 624 venis

47 649 262 693 brunneis.
315 651 419 692 Alae
450 654 640 707 posticae
671 653 759 694 fere
785 660 899 695 totae
920 654 1128 709 hyalinae,
1159 658 1278 711 apice
1299 655 1448 698 leviter

47 724 256 766 sordidae.
305 725 552 768 Abdominis
575 726 747 769 dorsum
778 726 966 778 nitidum,
997 728 1217 770 confertim
1238 729 1448 772 subtiliter

46 799 354 854 punctulatum3
385 808 534 843 venter
563 803 865 858 nigro-piceus
896 801 1177 844 nitidissimus.

381 932 444 972 29.
498 932 757 986 Holopyga
785 934 963 972 micans
991 933 1107 987 Klug.

133 1023 285 1065 Parva
314 1026 388 1065 vix
417 1025 533 1067 ultra
566 1027 588 1066 l
622 1025 695 1066 lin.
722 1025 916 1066 decimal.
948 1027 1064 1081 long.
1097 1025 1287 1068 thoracis
1318 1027 1446 1068 abdo-

44 1099 256 1154 mini-sque
285 1098 415 1140 dorso
447 1101 604 1151 aureis,
635 1101 777 1154 capite
806 1099 1011 1152 violaceo,
1042 1107 1257 1141 metanoto
1274 1102 1443 1155 postico

44 1179 85 1213 et
107 1179 284 1227 pectore
313 1176 499 1230 cyaneis,
531 1173 756 1215 abdomine
785 1173 884 1215 basi
907 1174 1076 1216 macula
1097 1176 1287 1215 maxima
1308 1176 1444 1215 trian-

23 1244 192 1300 *gulart'
219 1249 545 1302 nigro-aenea,
577 1248 660 1289 alis
690 1247 880 1305 hyalinis
910 1250 1030 1290 venis
1046 1248 1223 1305 fuscis,
1247 1253 1444 1303 postscu-

43 1320 141 1362 tello
172 1323 320 1363 conice
351 1321 498 1364 obtuso
522 1322 843 1378 protutor-ante.

88 1419 264 1462 Elampus
289 1419 424 1452 micans
450 1420 536 1462 Klug
560 1420 594 1452 in
619 1421 752 1453 VValtls
783 1420 878 1453 Reisc
909 1422 1088 1453 secundum
1123 1430 1238 1467 typum
1264 1420 1298 1452 in
1324 1420 1442 1453 Museo

134 1475 342 1508 Berolinensi
367 1489 453 1509 anno
481 1476 572 1509 1847
598 1490 614 1509 a
641 1491 693 1509 me
718 1477 949 1510 examinatum.

88 1532 264 1576 Elampus
279 1532 528 1578 fulgidicollis
553 1533 640 1567 Mus.
667 1534 836 1578 Spinolae.

127 1617 311 1659 Habitat
339 1619 383 1658 in
405 1616 654 1659 Andalusia:
687 1618 813 1659 Dom.
842 1617 997 1670 Waltz,
1029 1617 1140 1658 Mus.
1175 1616 1361 1658 Berolin.
1387 1642 1438 1650 -

40 1693 95 1734 D.
132 1691 325 1734 chiliani
354 1692 465 1733 Mus.
500 1691 721 1747 Spinolae.

129 1765 352 1807 Observ.
402 1765 571 1822 Corpus
593 1781 766 1821 parvum
789 1767 962 1807 omnino
985 1772 1031 1806 ut
1052 1767 1095 1806 in
1116 1763 1300 1820 Elampis
1325 1764 1441 1806 elon—

41 1847 354 1896 gato-ovatum.
412 1839 551 1896 Caput
574 1839 1113 1895 cyanescenti-violaceum
1144 1838 1310 1879 modice
1341 1838 1441 1879 sub-

39 1912 552 1968 reticulato-punctatum.
598 1914 818 1954 Antennae
849 1912 1082 1953 mediocres
1104 1911 1258 1961 fuscae,
1287 1926 1438 1967 scapus

39 1986 345 2027 viridi-micans.
369 1985 644 2027 Mandibulae
661 1988 779 2042 apice
795 1985 1142 2033 brunnescentes.
1174 1986 1339 2036 Pectus,
1356 2000 1440 2026 lne-

39 2059 262 2116 sopleurae
293 2067 334 2101 et
363 2075 459 2115 pars
490 2062 652 2115 postica
683 2062 884 2101 metanoti
919 2073 1090 2114 cyanea,
1123 2058 1270 2100 leviter
1299 2059 1439 2100 viridi-

39 2136 242 2175 micantia.
292 2134 460 2175 Thorax
492 2133 874 2189 gibbo-convexus;
905 2140 1133 2189 pronotum
1157 2140 1197 2174 et
1218 2132 1436 2174 dorsulum

38 2207 161 2249 valde
192 2207 321 2249 nitida
353 2207 428 2249 sed
460 2222 548 2249 non
579 2207 720 2263 polita,
752 2209 916 2263 punctis
938 2207 1177 2263 majusculis
1201 2209 1316 2260 (non
1340 2221 1438 2262 pro-

37 2281 203 2335 fundis)
235 2281 470 2323 rotundatis
502 2282 666 2324 modice
697 2281 918 2338 adspersa,
945 2281 1250 2329 viridi-aurea;
1286 2280 1437 2321 scutel-

36 2355 141 2406 lum,
188 2355 508 2411 postscutellum
557 2355 726 2411 gibbum
770 2354 1119 2396 tuberculiforme
1158 2353 1435 2395 suhconicum

37 2429 254 2481 obtusum,
296 2443 433 2471 crasse
472 2427 944 2485 punctam-reticulata
984 2426 1131 2468 viridi-
1171 2434 1211 2468 et
1251 2441 1435 2482 cupreo-

37 2517 173 2554 aurea,
204 2505 286 2545 hoc
311 2506 352 2545 in
380 2510 525 2544 centro
548 2503 722 2544 fuscum.
769 2500 1070 2557 Mesopleurae
1099 2499 1266 2542 modice
1297 2515 1434 2542 crasse

36 2585 232 2631 punctata
264 2576 581 2626 subreticulata;
622 2583 876 2618 metanotum
917 2581 1160 2631 punctatum
1193 2581 1233 2616 et
1263 2573 1434 2630 rugulo-
