1695 3241
227 268 284 308 66
731 264 769 302 6.
832 260 1119 318 Hedychrum.

316 378 496 421 Habitat
526 380 567 419 in
600 376 821 433 Bengalia‚
852 378 906 418 D.
946 377 1271 430 Weslermann,
1312 379 1384 431 qui
1414 380 1626 433 specimen

231 457 398 496 unicum
431 465 543 492 anno
581 452 688 493 1847
722 452 821 491 mihi
853 452 982 492 amice
1014 450 1142 492 dedit.

316 525 536 567 Observ.
613 525 751 566 Valde
790 524 933 566 similis
975 532 1016 566 et
1055 524 1195 566 affinis
1237 523 1347 566 Hed.
1380 524 1628 582 chalybum,

230 616 251 642 a
276 614 361 655 quo
385 606 521 640 tamen
544 598 666 640 facile
688 599 966 655 dignoscitur:
1000 612 1181 654 corpore
1207 598 1445 654 paullulum
1466 602 1630 641 minore

230 681 322 716 toto
344 673 477 724 viridi,
509 680 782 715 antennarum
811 672 986 730 flagellis
1017 671 1107 713 basi
1139 674 1342 723 testaceis,
1373 675 1509 728 capite
1540 674 1631 714 tho-

230 762 410 803 raceque
432 747 624 788 nonnihil
649 747 802 798 nitidis,
828 748 999 788 thorace
1021 748 1155 787 minus
1177 745 1392 802 depresso,
1423 754 1630 803 punctura

229 822 410 863 thoracis
442 821 552 863 forte
582 824 718 863 minus
749 836 886 863 crassa
917 836 996 863 nec
1026 827 1108 862 tam
1140 827 1252 861 arcte
1284 821 1474 862 conserta
1506 835 1630 877 quam

231 899 274 936 in
310 895 527 953 Hedycler.
568 895 821 952 chalybaeo,
859 902 1006 936 ventre
1047 894 1393 948 viridi-cyane0‚
1431 897 1631 950 segmenti

230 971 319 1011 3:tii
359 971 542 1025 margine
581 969 731 1024 apicali
771 970 998 1009 convexius
1039 974 1211 1009 arcuato
1246 975 1322 1008 etc.
1366 993 1418 1000 —
1462 967 1632 1024 Corpus

232 1058 417 1098 parvum,
448 1049 583 1084 totum
605 1040 1163 1098 punctulato-reticulatum
1211 1040 1488 1083 Mandibulae
1508 1042 1632 1084 rufo-

232 1117 460 1167 brunneae,
491 1115 581 1157 basi
607 1119 752 1172 nigro·
783 1123 824 1157 et
855 1114 1156 1171 viridi-pictae.
1209 1118 1496 1157 Antennarum
1518 1118 1631 1171 scapi

233 1193 394 1246 cyanei,
426 1191 588 1247 flagella
621 1190 711 1232 basi
741 1190 1069 1240 rufo-testacea,
1100 1197 1186 1231 tum
1211 1190 1339 1231 fusca.
1391 1190 1633 1239 Scutellum,

232 1271 490 1306 metanotum
530 1272 570 1306 et
609 1264 900 1320 mesopleurae
944 1263 1070 1305 lobus
1110 1263 1309 1305 normalis
1350 1278 1489 1305 crasse
1529 1279 1635 1320 pun-

234 1338 608 1380 ctato—reticulata.
656 1338 791 1379 Pedes
812 1338 978 1388 virides,
999 1337 1204 1394 genubus,
1226 1337 1421 1379 tibiarum
1443 1338 1634 1394 apicibus

234 1415 438 1468 tarsisque
469 1413 912 1461 brunneo-testaceis3
950 1412 1108 1453 alarum
1140 1412 1306 1467 tegulae
1338 1419 1379 1453 et
1408 1426 1542 1453 venae
1573 1413 1634 1452 his

235 1486 497 1536 concolores,
527 1486 759 1541 tegularum
791 1485 902 1526 basis
925 1488 1158 1533 virescens;
1189 1485 1343 1526 venula
1369 1492 1635 1527 transverso—

234 1560 420 1601 medialis
451 1559 616 1600 modice
647 1559 1017 1600 arcuato-inflexa.
1072 1557 1296 1600 Abdomen
1318 1559 1636 1615 cyaneo-viride

235 1633 443 1675 subtiliter
472 1647 615 1689 sparse
646 1632 958 1688 punctulatum,
997 1634 1197 1688 segmenti
1238 1633 1324 1673 3:tii
1356 1640 1535 1688 uterque
1566 1648 1637 1674 an-

235 1707 358 1763 gulus
389 1706 754 1762 apicali-lateralis
778 1708 1076 1748 minutissimus
1102 1706 1438 1749 obsoletissimus
1460 1709 1526 1748 vix
1558 1710 1635 1748 nisi

237 1780 410 1822 difficile
442 1780 713 1837 detegendus.

469 1912 533 1950 37.
587 1912 893 1964 Hedychrum
921 1913 1256 1951 chloroideum
1284 1913 1401 1965 Ziegl.

323 2003 549 2045 Illediocre
586 2004 614 2044 2
645 2004 719 2046 lin.
751 2004 946 2046 decimal.
978 2004 1095 2059 long.
1133 2004 1510 2060 viridi—cyauenm
1547 2019 1638 2045 ver-

237 2079 342 2131 tice,
374 2084 560 2132 pronolo
599 2084 639 2118 et
678 2085 895 2119 mesonolo
931 2078 1208 2120 nitidioribus
1239 2093 1392 2133 sparse
1419 2080 1639 2134 punctalis

239 2159 278 2193 et
302 2151 592 2207 punctulatis,
633 2150 857 2192 abdomine
896 2151 1212 2206 confertissime
1240 2153 1497 2206 punctulum
1527 2168 1639 2193 πιαν-

235 2228 341 2281 gine
363 2226 526 2281 apicali
546 2232 726 2266 arcuato
751 2227 1031 2280 integerrimo
1053 2227 1302 2267 tenuissime
1325 2232 1525 2279 testaceo,
1556 2226 1639 2266 alis

239 2301 333 2342 basi
361 2299 550 2356 hyalinis
580 2306 668 2340 tum
698 2300 903 2342 sordidis.

239 2412 322 2439 var.
347 2413 386 2438 a.
439 2396 610 2452 Corpus
642 2395 1010 2452 viridi-cyaneum
1042 2395 1188 2438 colore
1220 2396 1245 2437 1.
1270 2396 1391 2437 viridi
1425 2396 1449 2436 l.
1474 2409 1639 2451 cyaneo

434 2477 671 2527 superante.

286 2555 508 2601 Hedycltrum
534 2556 647 2590 viride
674 2556 782 2589 Zeller
807 2556 841 2590 in
866 2556 987 2590 litteris.

285 2613 509 2658 Hedyclcrum
535 2614 792 2648 viridissimum
819 2614 956 2656 Megerl.
985 2613 1072 2647 Mus.
1100 2613 1218 2647 Vienn.
1246 2622 1322 2647 teste
1349 2612 1487 2647 Kolliaer.
