1695 3277
670 242 913 298 Praes'atio.
1429 259 1484 284 vn

189 359 329 407 Cuius
364 359 651 416 collectionis,
695 378 719 407 a
752 358 957 407 Fabricio
992 359 1263 406 universitati
1298 376 1485 407 conces—

90 453 184 493 sae,
226 435 283 483 de
317 444 468 483 natura
504 444 549 482 et
581 435 729 483 indole
765 453 864 482 cum
899 437 963 481 vir
998 435 1263 481 clarissimus
1287 434 1487 481 Sclcaum

90 511 269 568 doctor,
311 513 352 557 in
387 510 760 573 Ephemeridibus
795 511 1131 574 entomologicis
1165 507 1486 557 Sedinensibus

89 595 179 632 tum
221 588 265 632 in
306 587 579 643 universum,
624 594 714 633 tum
750 588 792 632 in
827 589 979 650 specie
1016 586 1072 633 de
1108 585 1371 633 Scarabaeis
1406 586 1484 633 ab-

88 661 205 708 unde
248 663 411 725 egerit,
453 679 540 708 non
584 671 652 709 est
695 661 816 726 quod
859 663 901 708 in
946 679 998 709 ea
1033 660 1327 708 describenda
1362 678 1483 708 com-

87 755 280 787 morer&

182 811 247 860 Ibi
288 813 443 874 viginti
484 829 643 858 novem
677 809 963 859 Fabricianae
1000 811 1273 859 collectionis
1309 814 1484 874 species

87 906 110 933 a
153 905 224 933 me
257 887 510 951 indagatae,
550 888 704 950 viginti
739 904 820 935 sex
852 887 940 934 hoc
975 887 1197 934 volumine
1234 886 1484 950 descriptae

85 971 197 1009 sunt.

181 1035 286 1085 Inde
311 1056 334 1084 a
350 1036 554 1085 Kielonia
575 1039 689 1085 viam
714 1037 902 1086 ferream
926 1046 1107 1086 secutus
1125 1036 1331 1084 Altonam
1348 1036 1481 1084 Ham-

84 1113 274 1175 burgum
317 1121 362 1160 et
402 1111 657 1160 Berolinum
701 1114 800 1161 adii.
879 1112 1067 1160 Altonae
1108 1115 1174 1160 vir
1218 1113 1484 1159 clarissimus

82 1186 287 1234 Sommer
322 1188 502 1234 divitem
537 1206 659 1235 suam
695 1189 1034 1253 elegantemque
1060 1186 1414 1235 Scarabaeorum
1439 1196 1483 1235 et

80 1259 351 1324 Papilionum
388 1263 698 1310 collectionem
730 1263 835 1310 mihi
870 1265 1149 1320 monstravit,
1193 1271 1238 1310 et
1274 1291 1332 1296 —
1369 1281 1482 1327 quae

81 1338 175 1383 eius
218 1345 286 1384 est
325 1338 575 1401 benignitas
618 1368 679 1374 ——-
714 1340 900 1401 insignia
938 1339 1146 1386 nonnulla
1190 1336 1482 1404 Rhynchoto—

78 1429 175 1457 rum
211 1419 256 1458 et
276 1411 717 1476 Hymenopterorum
751 1414 1019 1477 exemplaria
1043 1414 1161 1460 dono
1184 1414 1290 1460 mihi
1314 1413 1448 1461 dedit.

174 1485 221 1533 In
255 1486 502 1550 Hamburgi
543 1495 588 1534 et
621 1486 910 1550 Eppendorfii
952 1491 1144 1544 viciniis,
1195 1506 1308 1534 anno
1355 1490 1482 1535 1838

78 1580 163 1609 una
198 1580 297 1609 cum
333 1564 436 1610 viris
472 1563 666 1626 egregiis
710 1562 891 1624 Thorey
926 1571 971 1611 et
1004 1566 1060 1611 de
1090 1562 1316 1614 Wintlaem
1350 1581 1374 1609 a
1408 1582 1481 1611 me

77 1638 375 1702 perlustratis,
425 1656 543 1685 nunc
586 1637 746 1685 eodem
789 1638 924 1685 modo
964 1657 1038 1687 me
1079 1647 1350 1686 moraturum
1385 1639 1480 1686 sore

77 1731 380 1778 speraveram,
413 1714 494 1761 sed
527 1715 660 1777 longe
696 1715 821 1761 aliter
854 1732 928 1762 res
960 1716 1122 1762 evenit.
1188 1715 1414 1776 ThoreJus
1437 1717 1480 1760 in

77 1793 233 1837 itinere
268 1790 431 1837 absens
466 1798 571 1847 erat,
608 1798 653 1837 et
677 1791 948 1837 carissimum
981 1790 1297 1840 Winthemium
1319 1790 1479 1838 morbo

75 1866 295 1930 phthisico
337 1866 454 1912 letali
497 1873 751 1929 correptum
793 1883 846 1912 ac
887 1866 981 1913 fere
1017 1867 1278 1913 exhaustum
1313 1868 1477 1922 inveni3

76 1942 152 2005 qui
185 1942 383 2005 quamvis
418 1959 442 1986 a
477 1941 786 1987 molestissima
819 1942 929 1987 tussi
960 1958 1103 2003 paene
1134 1941 1311 2005 loquela
1334 1943 1476 2004 impe—

77 2016 256 2072 diretur,
286 2023 431 2062 tamen
458 2033 527 2062 me
550 2033 632 2079 per
655 2016 896 2062 litterarum
921 2017 1238 2063 commercium
1262 2017 1346 2063 sibi
1370 2034 1477 2062 con-

76 2091 408 2147 iunctissimum,
443 2098 488 2137 et
522 2098 588 2137 tot
621 2093 933 2138 excursionum
964 2091 1067 2137 olim
1094 2093 1316 2149 comitem,
1353 2092 1476 2138 beni-

75 2166 220 2229 gniter
262 2167 451 2229 excepit.
511 2164 645 2212 Cuius
679 2168 759 2213 viri
793 2175 1115 2231 praematuram
1151 2166 1352 2231 quidem,
1394 2167 1476 2214 sed

75 2240 150 2287 diu
190 2248 467 2304 expectatam
510 2249 698 2289 mortem
733 2242 941 2290 historiae
974 2242 1182 2290 naturalis
1216 2244 1345 2289 amici
1379 2260 1474 2289 me-

75 2333 175 2362 cum
210 2316 375 2379 lugent.

168 2389 275 2438 Inde
311 2409 334 2438 a
369 2390 441 2438 die
475 2394 517 2440 7.
553 2394 718 2439 mensis
741 2390 930 2455 Augusti
964 2410 1108 2456 usque
1142 2392 1198 2438 ad
1232 2391 1348 2439 diem
1383 2394 1473 2455 pri-

75 2484 194 2512 mum
227 2468 392 2513 mensis
427 2464 635 2513 Octobris
669 2466 865 2514 Berolini
899 2475 1196 2514 commoratus
1231 2485 1340 2513 sum.
1389 2466 1473 2514 Vir

77 2542 342 2588 clarissimus
364 2541 502 2602 Kl‘nq,
536 2544 631 2605 regi
667 2560 691 2588 a
725 2542 918 2588 consiliis
952 2543 1125 2599 intimis,
1159 2560 1358 2590 museum
1396 2560 1473 2590 en—

76 2617 406 2681 tomologicum,
429 2635 561 2665 curae
585 2635 691 2666 suae
716 2617 944 2675 creditum,
980 2618 1177 2682 quotidie
1203 2618 1471 2682 perlustran-
