1695 3241
102 397 173 429 pag.

127 446 142 460 ‘l

653 275 939 331 Corrigenda.
1413 273 1495 314 411

196 383 272 417 121.
299 383 353 416 lin.
387 384 425 416 15
452 384 493 415 ab
517 382 589 416 infr.
616 381 834 415 viridi-aeneo
860 381 945 425 picta
971 381 1052 421 lege:
1079 379 1292 412 viridi-aeneo
1317 379 1420 424 pictae

195 431 261 464 122
297 429 351 463 lin.
380 430 400 463 2
427 431 467 462 ab
493 429 566 462 infr.
594 438 725 462 auratus
750 430 833 470 lege:
861 437 1024 461 auratum.

128 493 143 507 »
195 456 271 511 128:
296 476 352 510 lin.
379 478 399 510 4
425 477 466 509 ab
490 476 563 510 infr.
588 475 733 517 margine
757 484 790 508 et
812 475 895 517 lege:
921 473 1065 515 margine
1090 473 1197 506 antico
1222 481 1255 505 et

129 540 142 553 -r
194 525 270 558 133.
298 523 352 556 73.
373 523 504 570 Chrysis
529 523 693 564 intcgrclla
717 523 831 555 lem.
856 523 942 564 lege:
969 522 1022 554 73.
1043 519 1173 567 Chrysis
1197 519 1341 561 neglecta
1365 518 1485 552 Slnuclx.

128 586 142 598 »
195 572 270 605 134.
296 570 352 603 lin.
372 570 390 604 3
409 569 465 611 (in
479 567 704 615 Synonymia)
719 568 865 614 Chrysis
881 570 1040 613 neglecta
1055 567 1177 601 Shuck.
1195 567 1379 599 secundum
1394 567 1497 599 Dom.

297 615 400 661 Klug
422 616 456 649 in
480 616 601 649 Museo
624 615 772 649 Berolin.
796 628 885 648 anno
911 615 1012 648 1847.

129 679 143 691 »
196 665 270 698 135.
297 663 350 696 lin.
370 664 392 696 8
414 663 622 708 integr-ellae
644 663 728 704 lege:
752 663 931 707 neglectae

293 711 347 743 74.
367 709 444 743 Chr.
469 718 606 753 cuprata
627 709 680 742 Kl.
703 709 786 750 lege:
814 709 867 742 74.
887 709 966 742 Chr.
985 716 1121 752 cuprata
1137 707 1403 748 Hoffmannsegg.

130 772 143 784 »
199 756 273 789 142.
299 756 402 789 ultim.
428 756 553 788 anticae
575 757 660 797 lege:
686 755 791 788 antice

132 820 144 830 υ
196 803 273 836 147.
299 803 353 835 lin.
381 802 401 835 9
427 802 533 834 celluli
555 802 641 843 lege:
666 802 780 835 cellula

129 866 143 879 »
197 849 272 883 150.
297 849 352 882 lin.
382 849 421 881 11
450 848 558 893 apices
586 848 675 881 12mi
697 849 782 891 lege:
808 848 915 893 apices
940 857 1184 890 segmentorum
1212 846 1301 879 1:mi

130 911 143 924 ν»
195 896 272 929 163.
296 896 352 929 lin.
379 896 401 928 8
424 895 598 928 reticulatis
621 896 705 937 lege:
729 894 912 928 reticulatio

128 959 142 970 ›·
195 943 270 977 183.
294 943 351 975 lin.
379 943 399 975 6
425 943 617 987 depressum
639 941 783 975 nitidum
805 943 888 984 lege:
915 942 1087 987 depressus
1112 940 1233 974 nitidus

287 989 344 1022 lin.
370 990 390 1022 7
415 998 613 1034 punctatum
634 989 719 1031 lege:
743 998 921 1034 punctatus

128 1051 143 1063 υ
195 1036 261 1069 184
297 1035 353 1069 lin.
364 1037 406 1070 12
421 1037 462 1069 ab
474 1035 548 1069 infr.
562 1036 648 1069 inter
657 1035 935 1078 subrectangulari
946 1036 966 1069 l.
979 1049 986 1067 t
998 1035 1084 1067 inter
1099 1034 1208 1079 spinas
1225 1033 1499 1076 subrectangulari

130 1099 144 1112 υ
197 1083 275 1116 192.
300 1083 355 1115 lin.
377 1083 420 1116 10
445 1083 603 1127 parallelis
626 1084 711 1125 lege:
736 1083 870 1135 ragmulis
894 1081 1053 1127 parallelis

129 1145 143 1157 »ν
196 1130 272 1163 193.
297 1129 354 1163 lin.
381 1131 403 1163 4
426 1130 556 1163 modice
581 1139 618 1162 ut
639 1130 724 1171 lege:
749 1129 880 1163 modice
904 1141 1088 1163 convexum
1111 1137 1148 1160 ut

297 1177 353 1209 lin.
375 1177 418 1210 14
442 1178 652 1210 efformantes
675 1177 759 1218 lege:
785 1175 1034 1210 efformamibus

130 1240 144 1250 υ
194 1223 273 1256 201.
298 1224 353 1257 lin.
372 1224 391 1257 6
418 1224 458 1256 ab
483 1224 557 1257 infr.
582 1223 657 1256 hinc
680 1224 763 1265 lege:
790 1223 842 1256 hic

131 1284 145 1298 »
196 1270 276 1303 205.
302 1271 357 1304 lin.
377 1271 396 1304 9
423 1271 463 1303 ab
487 1270 560 1303 infr.
586 1269 740 1315 proprius
763 1271 848 1312 lege:
874 1269 1011 1314 propius

124 1331 143 1345 2»
192 1317 272 1350 212.
296 1318 351 1351 l'm.
371 1318 391 1350 4
417 1318 458 1350 ab
482 1317 555 1350 infr.
582 1318 769 1350 caeruleans
792 1318 876 1359 lege:
901 1317 1069 1350 caerulans

127 1378 144 1393 »
193 1364 273 1396 214.
297 1365 354 1397 lin.
373 1365 392 1397 6
418 1377 523 1408 quum
544 1365 630 1406 lege:
654 1377 755 1409 quam

128 1423 144 1438 ”
193 1412 234 1444 21
242 1411 270 1444 6.
280 1409 330 1452 (in
341 1409 469 1453 medio)
479 1411 677 1456 quibusdam
689 1420 746 1444 aut
756 1410 930 1444 individuis
942 1410 963 1443 l.
972 1424 978 1430 ·
993 1409 1192 1454 quibusdam
1205 1416 1316 1440 autem
1327 1406 1501 1439 individuis

129 1470 143 1483 »
194 1458 271 1490 217.
296 1458 350 1491 lin.
371 1459 390 1490 7
415 1467 574 1503 punctam
599 1466 632 1491 et
653 1459 848 1503 punctulato
870 1458 908 1491 l.:
933 1465 1089 1502 punctata
1114 1464 1146 1488 et
1170 1455 1361 1500 punctulata

296 1505 351 1537 lin.
372 1505 412 1536 17
438 1519 502 1538 var.
524 1506 553 1538 6.
577 1505 661 1546 lege:
686 1518 752 1537 var.
769 1505 801 1538 b.

296 1551 352 1584 lin.
370 1552 391 1585 2
416 1553 458 1584 ab
481 1551 556 1585 insr.
580 1551 694 1596 primis
716 1552 800 1593 lege:
825 1551 999 1596 primarius

128 1610 141 1623 >¹
193 1597 272 1630 230.
295 1597 351 1630 lin.
372 1599 412 1630 11
439 1607 546 1631 vertex
571 1607 603 1630 et
625 1607 675 1631 sat
696 1599 781 1640 lege:
806 1607 916 1630 vertex
939 1606 988 1630 sat

293 1644 349 1677 lin.
369 1645 388 1676 7
414 1645 455 1677 ab
479 1645 553 1678 infr.
580 1646 669 1677 21d0
695 1653 728 1676 et
753 1643 845 1677 3:1i0
868 1645 952 1686 lege:
979 1644 1086 1677 22dus
1111 1650 1144 1674 et
1168 1641 1276 1675 3ttius

129 1705 145 1719 »
196 1689 275 1723 231.
299 1690 354 1723 lin.
374 1692 395 1724 2
420 1692 460 1724 ab
485 1691 559 1725 infr.
584 1704 684 1733 segm.
709 1703 833 1738 cyaneo
857 1691 943 1732 lege:
968 1698 1136 1732 segmento
1162 1688 1254 1722 321ῖο
1279 1701 1402 1735 cyaneo

131 1752 145 1765 υ
195 1736 273 1770 232.
298 1737 354 1770 lin.
376 1738 417 1771 12
442 1751 573 1783 quaque
595 1739 681 1779 lege:
707 1751 858 1782 quaeque

128 1798 142 1810 n
192 1783 272 1815 236.
298 1781 420 1824 (.va1·.
439 1796 470 1817 ιι.
496 1785 530 1817 in
547 1782 779 1830 Synonymia.)
803 1785 894 1816 Mus.
912 1784 1068 1828 Spinolae
1090 1783 1128 1815 l.:
1153 1782 1242 1815 Mus.
1263 1781 1440 1825 Spinolae.
1458 1799 1499 1805 -·-

128 1844 142 1856 υ
192 1829 271 1862 237.
296 1829 350 1862 Ιίη,
370 1832 413 1862 10
438 1832 479 1863 ab
503 1831 577 1863 infr.
604 1832 811 1874 subopacum
835 1831 870 1862 in
892 1831 975 1872 lege:
1002 1831 1220 1874 subopacum,
1243 1828 1278 1860 in

294 1876 349 1909 lin.
367 1878 409 1910 10
435 1878 476 1909 ab
500 1876 575 1910 infr.
598 1876 697 1909 fascia
720 1877 876 1919 segmenti
899 1877 936 1910 l.:
961 1876 1059 1910 fascia
1084 1874 1241 1918 segmenti
1266 1883 1322 1907 aut
1343 1874 1429 1907 1zmi
1447 1883 1502 1907 aut

302 1923 382 1957 2tdi
406 1933 463 1956 aut
484 1923 655 1968 utriusque

129 1982 144 1995 υ
193 1968 272 2002 238.
297 1970 351 2003 lin.
374 1971 416 2003 14
441 1971 483 2003 ab
507 1970 580 2003 infr.
607 1969 780 2004 Schousbo
805 1970 888 2011 lege:
916 1970 1109 2005 Sclcousboe

128 2030 143 2043 »
193 2015 272 2049 243.
296 2017 351 2050 lin.
370 2017 391 2050 8
417 2018 458 2050 ab
482 2017 555 2050 inst.
581 2018 700 2058 angulo
724 2017 858 2050 centrali
882 2016 1072 2050 brevissimo
1103 2025 1199 2050 acuto
1230 2016 1314 2058 lege:
1347 2015 1500 2057 angulum

300 2065 475 2097 centralem
498 2063 727 2096 brevissimum
751 2073 885 2097 acutum

130 2123 145 2136 ’ν
193 2109 260 2141 247
296 2110 352 2144 lin.
373 2112 415 2144 12
439 2111 577 2144 stissirna
599 2112 683 2152 lege:
707 2110 830 2143 tissima

127 2170 143 2183 »
192 2156 272 2189 248.
297 2157 352 2190 lin.
373 2158 415 2191 15
440 2157 568 2190 radialis
592 2170 653 2190 nec
676 2158 762 2199 lege:
786 2157 914 2191 radialis
938 2170 999 2191 nec
1024 2170 1094 2191 non

130 2217 144 2230 υ
193 2203 272 2236 250.
296 2204 353 2237 lin.
371 2205 390 2237 7
419 2205 459 2237 ab
483 2204 558 2237 infr.
583 2203 889 2250 proxima-utraque
913 2205 998 2246 lege:
1023 2203 1173 2249 proxima
1199 2212 1336 2248 utraque

129 2263 144 2277 υ
193 2250 272 2283 252.
297 2250 352 2284 lin.
373 2251 392 2284 6
418 2252 590 2283 scutellum
613 2252 714 2284 rubra
736 2251 821 2292 lege:
847 2252 1021 2285 scutellum
1045 2252 1164 2284 rubro-

128 2310 144 2322 »
194 2297 273 2329 255.
297 2297 354 2330 lin.
373 2297 393 2330 6
420 2297 548 2331 Glosbo
570 2298 656 2339 lege:
682 2297 811 2331 G16sb0

295 2344 351 2377 lin.
371 2344 414 2378 14
440 2343 563 2377 dorsuli
583 2345 668 2385 lege:
693 2344 813 2377 dorsali

128 2403 143 2418 »
192 2390 272 2423 258.
296 2390 353 2423 lin.
374 2392 417 2424 12
443 2391 483 2423 ab
507 2390 580 2423 infr.
604 2391 754 2424 firmibus
777 2392 862 2432 lege:
888 2391 989 2424 firmis

128 2450 144 2463 »
194 2437 274 2470 264.
298 2437 355 2471 lin.
374 2439 392 2470 7
417 2437 605 2482 inaequales
629 2438 713 2479 lege:
738 2437 917 2482 inaequalis

129 2497 144 2511 »
193 2484 274 2517 265.
299 2484 354 2517 lin.
375 2486 414 2518 11
442 2485 591 2529 paullum
615 2485 698 2526 lege:
723 2485 906 2529 paullulum

129 2544 144 2557 »ι
193 2531 272 2563 271.
297 2531 353 2563 lin.
372 2532 392 2564 7
418 2532 459 2564 ab
484 2531 557 2564 infr.
584 2530 870 2576 compllssimeque
893 2532 976 2573 lege:
1004 2531 1266 2577 amplissimoque

129 2591 144 2604 υ
194 2577 273 2611 272.
297 2577 352 2611 lin.
370 2579 391 2611 4
417 2577 574 2610 Schiodte
597 2578 682 2619 lege:
708 2578 883 2612 Schiocdte

294 2624 350 2657 lin.
368 2626 389 2658 8
416 2626 457 2657 ab
483 2625 554 2657 infr.
582 2625 780 2670 thoraceque
798 2624 974 2658 abdomine
1000 2625 1083 2667 lege:
1110 2625 1241 2658 thorace
1259 2624 1502 2669 abdominequc
