1695 3241
155 284 181 323 6
455 281 635 338 Chrysis
665 279 765 320 lain.
824 278 1045 320 Garacter.
1077 279 1257 320 normal.

156 396 285 454 pedes
316 399 425 438 inter
454 395 814 450 mesopleurarum
847 394 973 436 lobos
1000 402 1040 437 et
1065 398 1221 437 ventris
1242 395 1447 437 fornicem
1470 395 1558 437 fere

155 478 245 513 tota
285 469 626 519 absconduntur;
663 468 855 524 periculo
895 476 1034 511 autem
1074 472 1300 525 praeterito
1342 469 1559 510 celerrime

156 546 392 600 aufugiunt.
443 545 491 584 In
517 543 672 599 copula
703 544 909 584 rarissime
932 543 1324 599 deprehenduntur;
1357 545 1478 598 cujus
1499 544 1560 584 rei

157 617 346 672 exempla
366 617 658 659 tantummodo
681 616 734 658 de
757 617 907 673 Clepte
935 619 1216 670 semiaurala,
1246 617 1479 675 Hedycliro
1500 617 1561 658 lu-

156 693 314 745 cidulo,
332 692 567 749 Holopyga
583 700 710 734 ovata
731 699 771 734 et
788 693 1000 750 Chryside
1020 693 1164 747 ignita
1183 691 1335 732 afferre
1354 705 1538 747 possum.

244 764 614 822 Metamorphosis
646 766 875 822 completa,
907 780 1057 807 annua.
1124 766 1220 807 Ova
1250 765 1473 820 deponunt
1503 763 1561 805 fe-

157 842 294 882 minae
324 839 480 896 pallida
514 840 697 895 elliptica
723 843 765 882 in
792 840 966 894 nidis*)
989 842 1408 896 Hymenopterorum
1431 838 1565 894 Sphe-

158 915 413 965 ciformium,
444 915 779 969 Vespisormium
810 915 880 957 vel
910 915 1189 970 Apiformium
1221 917 1264 955 in
1298 912 1451 969 quibus
1483 911 1564 953 lar-

159 987 282 1029 vulae
316 988 780 1044 pseudoparasilae*)
819 991 1064 1030 nutriuntur
1094 987 1332 1043 Aphidibus
1369 994 1442 1028 aut
1473 986 1563 1027 aliis

159 1063 334 1103 Insectis
365 1061 544 1103 larvisve
575 1062 842 1104 mollioribus
874 1062 1147 1118 paralysatis‚
1177 1076 1285 1117 quae
1315 1060 1405 1102 nidi
1434 1067 1566 1101 mater

159 1137 340 1192 genuina
371 1151 451 1192 pro
484 1139 570 1177 suis
602 1136 778 1192 pullulis
801 1136 1034 1179 nutriendis
1057 1134 1282 1192 diligenter
1301 1136 1544 1191 reportavit.

248 1210 471 1251 Lar-valae
509 1211 929 1267 Hymenopterorum
962 1209 1360 1265 Chrysidiformium
1400 1207 1566 1265 apodae

160 1283 547 1325 subvermiformes.

248 1358 404 1413 Pupae
436 1365 508 1398 aut
539 1357 678 1399 nudae
711 1365 782 1399 aut
814 1358 1087 1400 folliculatae.

248 1431 431 1486 Propter
470 1438 717 1473 structuram
765 1433 1036 1488 trophorum,
1083 1431 1320 1473 abdominis
1364 1432 1568 1486 segmenti

160 1505 339 1546 dorsalis
371 1504 502 1546 ultimi
529 1519 608 1546 nec
633 1519 722 1546 non
754 1505 1077 1561 unguiculorum
1111 1513 1317 1547 tarsorum
1350 1504 1568 1553 diversam,

159 1579 264 1620 haec
295 1580 458 1620 Insecta
491 1580 534 1620 in
556 1580 582 1620 6
605 1578 779 1620 familias
810 1579 1106 1621 subnaturales
1139 1577 1363 1621 commode
1397 1577 1570 1633 disponi

161 1659 352 1708 possunt.

253 1799 297 1844 ἦ)
327 1801 564 1846 Exceptionem
596 1804 637 1835 ab
670 1804 728 1835 hac
758 1804 869 1846 regula
900 1812 1035 1837 naturae
1073 1805 1231 1848 praebent
1261 1801 1404 1835 feminae
1437 1800 1571 1845 Cleptil

161 1858 403 1893 semiauratae
427 1868 457 1891 et
484 1859 620 1903 Cleptis
646 1860 842 1903 nitidulae,
874 1874 939 1906 quc
963 1874 1023 1894 ova
1050 1861 1220 1905 deponunt
1245 1859 1278 1892 in
1305 1858 1401 1891 larvis
1427 1857 1574 1892 Nemati

162 1916 429 1959 Grossulariae‚
455 1915 540 1949 intra
565 1930 709 1961 quorum
735 1931 874 1963 corpora
900 1918 1043 1950 lai-volae
1062 1918 1228 1963 Cleptium
1256 1916 1353 1949 vitam
1380 1929 1454 1949 vere
1478 1928 1572 1960 para—

161 1973 286 2006 siticam
317 1973 434 2007 serunt.
486 1973 537 2007 Cl.
563 1974 711 2009 Bouche'
735 1988 823 2007 anno
851 1974 941 2008 1847
969 1974 1118 2007 Bcrolini
1152 1973 1233 2007 mihi
1260 1972 1400 2006 narravit
1424 1986 1458 2006 se
1484 1986 1572 2005 acce-

162 2029 246 2074 pisse
275 2029 443 2065 Omalum
469 2037 642 2065 auratum
669 2045 686 2064 e
711 2031 799 2065 larva
827 2032 973 2067 Nemati
999 2032 1253 2066 Grossalariae
1277 2031 1455 2064 exclusum.
