1695 3241
476 297 512 337 7.
580 295 785 353 Chrysis.-
815 296 1020 339 Phalanae
1050 298 1088 338 I.
1399 299 1483 340 113

77 411 230 454 callum
260 410 495 453 immediate
522 426 716 467 sequens,
749 413 950 468 regularis
976 413 1159 455 foveolis
1181 415 1238 455 20
1261 413 1483 469 profundis

77 484 408 541 subaequalibus
447 484 663 527 subovatis
704 490 1019 543 approximatis,
1073 487 1276 543 particula
1312 487 1483 544 apicalis

79 560 215 613 (infra
245 561 421 612 seriem)
452 559 716 615 planiuscula
738 576 880 617 sparse
902 560 1146 617 punctulata
1166 561 1309 613 nitida,
1341 577 1482 619 margo

80 633 252 690 apicalis
292 647 477 674 summus
521 636 788 675 tenuissimus
829 637 1144 691 angustissimus
1187 635 1484 678 fusco-hrun-

80 721 186 749 neus
217 706 692 758 transverso-obtusus,
730 710 797 749 vix
832 710 913 749 nisi
945 706 1255 750 obsoletissime
1287 718 1481 752 arcuatus

78 781 300 823 latitudine
332 780 580 822 abdominis.
625 782 789 823 Venier
820 781 1208 838 depresso-planus
1241 783 1356 838 pube
1386 784 1483 826 suh-

76 855 262 897 tilissima
294 854 492 911 adpressa
524 858 827 898 cano-sericea
858 855 1094 912 adspersus,
1126 856 1236 897 laete
1256 857 1398 899 viridis
1431 873 1481 899 ex

77 944 207 972 aureo
239 929 432 971 nonnihil
463 929 751 985 resplendens.

192 1078 325 1119 Divis.
355 1078 396 1119 3.
461 1077 710 1119 Abdominis
752 1078 922 1120 dorsum
963 1093 1156 1129 aureum,
1207 1079 1302 1134 plus
1343 1082 1479 1122 minus

458 1151 790 1202 viridi-micans;
831 1159 1087 1208 segmentum
1125 1153 1283 1193 3ztium
1324 1167 1480 1195 conco-

457 1225 534 1276 lor,
565 1241 644 1268 nec
665 1228 744 1267 nisi
766 1240 928 1268 summo
951 1228 1132 1282 margine
1166 1226 1316 1282 apicali
1343 1229 1478 1269 rarius

456 1314 618 1341 aeneo-
649 1307 721 1342 aut
752 1300 1244 1357 purpurascenti-fusco,
1275 1307 1347 1342 aut
1380 1316 1478 1357 cya—

458 1382 669 1415 nescente.

219 1445 429 1488 Subdivis.
449 1449 486 1488 1.
544 1448 713 1488 Thorax
754 1462 969 1503 nunquam
1010 1461 1160 1489 aureus
1202 1461 1282 1488 nec
1321 1462 1479 1490 aureo-

539 1520 748 1572 fasciatus,
777 1520 851 1562 sed
874 1529 945 1563 aut
967 1521 1109 1562 viridis
1131 1523 1293 1575 pictura
1315 1536 1477 1577 cyanea

537 1601 610 1635 aut
642 1609 829 1650 cyaneus
854 1597 1024 1651 ‚pictura
1055 1595 1374 1637 aurato-viridi.

339 1666 494 1709 Tribus
530 1670 565 1709 l.
628 1669 792 1710 Venter
819 1684 1004 1725 cyaneus
1026 1676 1098 1710 aut
1118 1668 1262 1710 viridis
1284 1669 1381 1725 plus
1403 1673 1476 1712 mi-

625 1756 705 1784 nus
737 1745 1044 1799 nigro-pictus.

379 1874 442 1912 62.
499 1874 700 1926 Chrysis
728 1880 1006 1914 transversa
1034 1874 1166 1913 lem.

160 1965 419 2006 Latiuscnla
439 1965 486 2019 2}
507 1965 581 2006 lin.
605 1966 801 2007 deeimal.
822 1966 938 2020 long.
961 1980 1110 2007 crasse
1131 1971 1345 2020 punctam
1376 1981 1475 2023 eya-

73 2039 342 2091 neo-viridis,
367 2038 594 2081 abdomine
613 2039 759 2082 obtuse
779 2039 1111 2094 eubrectangnlo
1131 2040 1158 2080 l.
1180 2039 1474 2095 subquadralo

72 2113 168 2155 basi
205 2114 359 2166 viridi,
399 2113 605 2155 lateribus
643 2121 684 2155 el
722 2121 822 2155 ante
861 2116 1026 2170 apicem
1061 2115 1474 2167 virescenti-aureo,

69 2193 288 2243 segmento
319 2188 440 2229 3:tio
472 2187 590 2229 brevi
618 2194 865 2230 transverse
894 2188 1242 2243 ‚mbrectangulo9
1281 2195 1381 2229 ante
1410 2203 1474 2229 se-

69 2264 177 2304 riem
199 2262 409 2317 apicalem
430 2262 580 2304 leviter
600 2263 1058 2318 calloso-marginum,
1090 2264 1290 2316 margine
1311 2262 1474 2317 apicali

69 2343 316 2378 transverso
355 2339 496 2389 tenni,
538 2338 623 2378 alis
659 2337 980 2394 albo-hyalinis
1011 2337 1072 2378 ad
1099 2342 1262 2377 costam
1293 2336 1473 2378 cellulae

71 2411 258 2453 radialis
287 2411 568 2466 incomplelae
598 2411 808 2468 limboque
839 2411 1000 2466 apicali
1029 2410 1232 2452 sordidis.

155 2486 339 2528 Habitat
370 2488 411 2527 in
435 2487 531 2527 Asia
564 2487 732 2534 minori;
763 2487 976 2541 specimen
1009 2486 1178 2525 unicum
1210 2499 1234 2525 a
1262 2483 1318 2525 D.
1341 2483 1471 2525 Loew

71 2558 290 2602 detectum.

159 2634 379 2676 Observ.
442 2633 505 2675 Ad
537 2632 721 2675 habitum
754 2632 947 2674 nonnihil
979 2632 1116 2674 affinis
1139 2632 1293 2689 Chrys.
1310 2631 1471 2687 fovea-

118 2720 160 2753 ΙΙ.
1177 2707 1204 2745 8
