1695 3241
203 278 288 318 208
379 275 534 317 Fanussl.
559 273 861 329 Chryside'dae.
899 272 1105 329 Chrysis.-
1138 272 1341 314 Phalanx
1369 274 1444 314 VI.

425 411 512 449 113.
568 411 766 462 Chrysis
793 411 1050 463 indigotea
1081 410 1262 449 Dufour‘?
1296 409 1387 456 0⁷9.

295 499 534 540 Mediocris
574 499 775 554 elongata
806 499 1063 540 sublimaris
1094 499 1142 554 Ξὲ
1167 499 1240 539 lin.
1262 499 1454 540 decimal.
1483 499 1597 555 long.

203 573 431 628 confertim
463 573 627 614 modice
653 579 860 628 pianelam
893 589 1055 630 cyanea
1077 580 1150 613 aul
1172 572 1477 625 coerulescens,
1507 588 1600 615 scu-

205 648 303 688 {ello
335 648 745 702 concavo—depresso
774 647 1132 702 postscmelloque
1162 647 1410 688 convexiori
1429 648 1601 688 inermi-

204 721 302 774 bus7
343 721 584 763 abdominis
621 730 840 776 segmento
871 721 1037 762 dorsale·
1067 720 1183 761 2:110
1214 721 1372 762 lineola
1402 722 1602 763 mediana

204 795 468 849 subdemini,
517 803 735 850 segmento
773 797 894 836 3ετίο
926 796 1045 836 diseo
1078 795 1229 835 leuiter
1259 796 1602 837 concaviusculo-

202 872 423 923 immerso,
470 871 636 925 postice
682 885 815 923 supra
859 870 1013 909 seriem
1058 869 1222 909 modice
1259 870 1602 910 convexiuseulo-

206 946 478 998 marginum,
519 943 718 996 margine
753 943 991 996 (segmenti
1025 942 1163 994 3.·Ιίἱ)
1200 942 1372 984 laterali
1405 950 1491 984 tolo
1511 943 1601 999 fle-

203 1033 364 1058 muoso:
395 1017 490 1058 basi
510 1022 914 1065 commo-arcuato,
945 1021 1032 1056 lum
1054 1014 1221 1072 oblique
1242 1018 1484 1057 arcuato-in
1523 1032 1602 1057 exo

203 1092 228 1132 Ι.
261 1092 412 1133 leniter
443 1091 729 1144 emarginato,
762 1089 844 1130 alis
876 1088 1077 1145 loyalinis,
1117 1090 1269 1131 cellula
1300 1090 1464 1132 radiata·
1492 1106 1601 1132 com-

196 1166 316 1220 pleta
347 1172 421 1207 aut
452 1163 751 1218 subcompleta.

273 1269 420 1314 Chrysis
446 1269 629 1314 indigetem
657 1268 787 1300 Dusour
813 1268 933 1300 Annal.
956 1268 1035 1302 Em,
1067 1267 1167 1302 1840.
1193 1266 1321 1303 38;18,

274 1326 421 1371 Chrysis
445 1326 603 1359 violacea
631 1326 718 1357 Mus.
747 1323 914 1369 Spinolae.

290 1416 471 1458 Habitat
492 1418 535 1457 in
557 1416 716 1466 Svecia,
739 1416 965 1457 Germania
997 1423 1036 1457 et
1065 1416 1239 1458 forsitan
1263 1430 1438 1471 quoque
1458 1418 1500 1457 in
1521 1416 1603 1457 Eu-

201 1504 308 1545 ropa
337 1490 620 1540 meridionali,
660 1491 812 1538 rarius;
853 1489 939 1530 duo
970 1492 1198 1544 specimina
1227 1492 1270 1531 in
1301 1497 1444 1531 nostra
1476 1489 1603 1531 colle-

203 1566 344 1604 ctione
376 1563 539 1614 adsunt,
571 1578 700 1604 unum
733 1577 756 1603 e
789 1563 1023 1612 Germania,
1055 1563 1230 1604 alterum
1261 1565 1304 1604 in
1328 1563 1602 1619 Ostrogothia

205 1637 379 1678 Sveciae
411 1652 433 1677 a
465 1652 530 1678 me
553 1637 652 1678 olim
675 1636 994 1690 deprehensum.
1046 1636 1268 1691 Exemplar
1289 1639 1458 1677 unicum
1481 1639 1602 1677 etiam

202 1712 245 1750 in
269 1709 494 1751 Germania
525 1710 678 1751 lectum
711 1709 790 1750 sub
811 1711 981 1750 nomine
1005 1710 1221 1766 „Chrysis
1240 1711 1433 1752 violacea
1455 1712 1601 1751 l’auz.“

204 1785 334 1824 amice
374 1785 695 1824 communicavit
733 1784 788 1824 D.
820 1783 1016 1838 Spinola.
1076 1783 1145 1824 De
1183 1798 1259 1823 sua
1295 1784 1509 1840 Chryside
1541 1787 1603 1826 ἰη-

202 1858 377 1910 digetea
409 1859 463 1897 ita
485 1859 649 1911 scripsit
670 1857 723 1897 D.
742 1856 923 1911 Dasow·
944 1856 968 1897 l.
993 1871 1045 1896 c.:
1076 1856 1306 1906 „coerulea
1327 1856 1604 1898 viridi-nitens

203 1929 430 1971 abdomine
471 1932 589 1986 apice
622 1929 965 1986 quadridentato,
1005 1932 1198 1972 antennis
1228 1932 1434 1986 tarsisque
1464 1933 1601 1986 nigris.

204 2006 335 2059 Long.
368 2006 395 2046 3
418 2004 487 2046 lin.
536 2003 739 2045 Nidificat
769 2006 812 2045 in
842 2007 964 2045 ramis
997 2006 1211 2046 exsiccatis
1243 2004 1360 2046 Rubi
1374 2004 1603 2060 fimticoei,

202 2080 383 2133 parasita
419 2078 613 2135 Odyneri
643 2078 870 2119 rubicolae.
933 2079 1050 2120 D'un
1088 2093 1184 2134 gros
1215 2078 1333 2126 bleu,
1373 2080 1604 2135 changeant

202 2152 361 2207 parfois
408 2166 461 2192 en
501 2158 608 2201 vert,
655 2158 822 2193 surtout
861 2167 941 2192 aux
978 2152 1108 2193 flancs
1147 2151 1206 2192 du
1243 2152 1425 2194 corselet
1461 2160 1502 2195 et
1532 2168 1604 2194 sur

203 2227 264 2267 les
287 2227 402 2267 cotes
434 2225 509 2266 des
539 2227 739 2281 premiers
769 2232 976 2282 segments
1008 2225 1060 2267 de
1091 2224 1343 2268 l'abdomen.
1390 2228 1530 2268 Pattes
1562 2234 1603 2268 et

202 2302 383 2356 premier
421 2299 565 2340 article
605 2299 678 2341 des
719 2307 922 2341 antennes
961 2307 1098 2341 vertes
1140 2314 1199 2341 ou
1232 2307 1439 2342 rarement
1468 2300 1601 2341 bleus.

203 2376 384 2416 'Dernier
414 2381 602 2429 segment
632 2373 685 2415 de
706 2373 945 2415 l’abdomen
966 2376 1158 2430 tronque,
1191 2389 1293 2416 avec
1313 2381 1459 2430 quatre
1480 2374 1601 2416 dents

204 2449 493 2503 triangulaires
525 2451 707 2505 aigues“.
766 2448 889 2503 Quae
920 2463 1052 2504 pauca
1082 2448 1212 2490 verba
1243 2448 1295 2490 ad
1326 2456 1513 2490 nostrum
1542 2450 1601 2489 in-

204 2529 381 2573 sectum,
428 2529 624 2577 respectu
663 2522 750 2563 scil.
783 2522 927 2564 habito
967 2522 1019 2564 ad
1051 2530 1297 2565 structuram
1329 2530 1369 2564 et
1399 2526 1602 2579 picturam

206 2598 406 2650 corporis,
440 2598 612 2638 omnino
645 2596 949 2639 accommodari
981 2604 1169 2653 possunt.
