1695 3241
611 282 652 324 3.
717 281 907 324 Omnbus.
1272 283 1283 294 ⁴
1396 285 1453 327 37

54 405 161 440 mata
201 397 452 454 subpolitus.
514 397 651 454 Palpi,
692 398 978 450 mandibulae,
1017 400 1213 457 clypeus,
1245 406 1454 443 antennae

54 479 96 514 et
125 471 255 528 pedes
286 479 331 513 ut
361 474 403 513 in
439 472 593 514 Omalo
623 474 833 515 caeruleo.
897 474 1082 530 Flagella
1122 474 1354 531 paullulum
1385 489 1454 516 ro—

53 546 254 597 bustiora,
285 548 439 588 cavitas
471 546 629 588 facialis
660 547 784 590 latior
815 548 987 590 brevior
1007 548 1171 604 adeque
1193 564 1216 590 a
1237 555 1452 591 stemmate

53 615 179 676 magis
209 620 458 673 remota*),
491 636 612 676 quam
644 624 687 663 in
714 623 866 664 Omalo
887 623 1096 664 caeruleo.
1156 624 1335 664 Pronoti
1354 637 1451 663 area

51 697 212 750 postica
233 708 379 751 magna
410 695 724 736 semicircularis
747 703 787 737 et
808 696 1022 738 dorsulum
1046 704 1180 738 totum
1205 697 1452 752 politissime

50 769 259 825 punctulis
281 772 501 825 perpaucis
524 769 618 825 plus
639 772 774 811 minus
795 770 1044 812 visibilibus.
1096 770 1325 812 Scutellum
1347 785 1452 826 pun-

50 846 126 885 ctis
156 843 440 885 crassiusculis
479 858 568 885 non
597 844 879 894 reticulatum,
917 844 1008 885 basi
1040 859 1135 886 area
1167 859 1294 900 parva
1324 847 1451 885 trian-

50 917 182 974 gulari
212 918 345 974 polita
375 917 621 960 laevissima.
682 919 893 960 Metanoti
922 917 1060 960 discus
1085 917 1330 960 normaliter
1350 931 1450 959 con-

48 1007 188 1034 vexus.
242 992 344 1034 Alae
374 998 420 1032 ut
444 994 487 1033 iu
515 992 668 1034 Omalo
691 993 901 1034 caeruleo.
952 991 1178 1033 Abdomen
1209 991 1449 1048 viridi-cya-

48 1082 170 1108 neum
203 1066 379 1121 politum
410 1066 801 1121 splendidissimum,
832 1065 1063 1122 paullulum
1085 1068 1298 1121 angustius
1321 1081 1445 1121 quam

48 1143 90 1182 in
126 1141 279 1181 Omalo
309 1141 527 1193 caeruleo,
567 1140 776 1182 subtiliter
804 1140 1110 1196 punctulatum3
1148 1142 1312 1196 punctis
1342 1139 1447 1181 disci

47 1216 214 1256 minutis
236 1216 513 1269 sparsissimis‚
533 1213 651 1255 limbi
672 1214 872 1256 confertis
893 1213 1241 1263 distinctioribus;
1259 1228 1446 1269 segmen-

48 1297 133 1330 tum
173 1290 312 1330 3:tium
354 1290 528 1329 omnino
559 1295 605 1329 ut
634 1290 678 1328 in
713 1288 866 1330 Omalo
905 1289 1102 1331 caeruleo
1142 1295 1444 1337 constructum

47 1349 195 1404 venter
225 1361 368 1403 viridis
400 1369 470 1403 aut
500 1361 808 1404 viridi-aureus
835 1362 967 1405 limbo
990 1366 1123 1419 piceo,
1153 1362 1360 1405 interdum
1383 1369 1446 1404 to-

47 1444 112 1478 tus
143 1436 479 1486 viridi-auratus,
512 1437 594 1477 hoc
622 1442 760 1478 tamen
794 1440 944 1479 varius.

369 1568 430 1606 14.
476 1567 672 1608 Omalus
702 1569 949 1608 coriaceus
993 1568 1126 1608 lem.

134 1660 307 1701 Parvus
344 1662 418 1702 visc
459 1661 479 1701 l
515 1661 588 1702 lin.
621 1661 816 1702 decimal.
847 1661 963 1716 long.
1006 1660 1445 1718 cyaneo-violascens

47 1735 285 1777 abdominis
322 1734 452 1776 dorso
491 1735 767 1777 subtilissime
789 1736 1066 1791 punctulato,
1106 1737 1319 1791 segmenti
1347 1736 1446 1777 3:152·

46 1811 242 1864 margine
263 1809 425 1863 apicali
447 1809 532 1852 lale
553 1809 874 1862 albo-scarioso‚
883 1817 1070 1865 pronote
1091 1818 1131 1852 et
1153 1810 1327 1851 dorsulo
1348 1809 1444 1850 sub-

45 1884 242 1926 tilissime
271 1885 481 1924 coriaceis
511 1884 760 1939 subopaci39
792 1885 1071 1939 poslscutello
1101 1882 1444 1938 subhemisplzae·

45 1960 152 2009 rico,
183 1958 382 1998 antevenis
413 1956 607 1998 brevibus
637 1957 964 2010 crassiusculis,
1003 1958 1087 1999 alis
1123 1959 1246 2013 apice
1275 1964 1344 1999 sat
1361 1955 1443 2012 su-

44 2032 189 2073 mosis.

135 2103 316 2145 Habitat
353 2105 396 2144 in
437 2101 595 2144 Cafsria
638 2105 804 2145 Africae
843 2103 1375 2155 meridionali-orientalis,
1419 2118 1443 2144 a

47 2179 138 2222 Cel.
169 2178 267 2220 Joh.
307 2176 546 2232 Wablberg
574 2177 730 2220 ibidem
762 2178 963 2220 detectus.

132 2251 352 2294 Observ.
415 2251 587 2307 Species
621 2255 765 2295 eximia
796 2253 895 2295 licet
926 2260 1102 2310 propter
1131 2254 1329 2294 minutam
1352 2265 1442 2293 cor-

44 2329 158 2384 poris
197 2324 521 2381 magnitudinem
563 2329 849 2384 inconspicua.
910 2327 1066 2369 Habitu
1105 2340 1192 2367 non
1233 2325 1441 2366 dissimilis

46 2399 345 2457 exemplaribus
377 2401 543 2442 minutis
574 2401 720 2443 Omali
750 2403 883 2443 aenei.
946 2401 1115 2456 Corpus
1148 2406 1279 2441 totum
1311 2399 1442 2441 viola-

136 2568 178 2613 *)
204 2571 296 2603 Hanc
322 2580 432 2604 notam
460 2570 722 2604 caracteristicam
755 2570 881 2616 primus
915 2569 1094 2604 observavit
1119 2579 1149 2603 et
1174 2570 1194 2604 l.
1223 2584 1247 2603 c.
1275 2569 1441 2604 annotavit

46 2628 88 2660 D.
120 2627 312 2662 Wesmae‘l.
