1695 3241
479 290 516 330 7.
583 288 789 345 Chrysis.-
819 287 1022 330 Phalarim
1053 287 1088 328 Ι.
1398 286 1482 327 125

87 409 163 457 nis,
194 407 420 462 praecipue
451 419 553 446 vero
586 405 710 460 hujus
741 408 870 447 series
901 403 1202 460 ante-apicalis
1226 405 1268 444 in
1293 403 1370 444 hac
1390 416 1483 457 spe-

89 482 152 521 cie
184 482 239 522 ita
270 482 449 529 variant,
489 486 534 520 ut
565 482 818 521 variationes
859 486 1067 534 tamquam
1101 477 1290 519 diversae
1321 478 1482 532 species

90 554 211 596 facile
250 556 545 595 existimentur.
606 552 691 594 Sed
730 568 806 609 per
845 567 1014 594 examen
1050 551 1347 606 scrupulosum
1379 550 1482 591 mul-

90 635 225 670 torum
262 627 491 685 Chrysidis
530 627 730 669 bicolor-is
769 626 1100 675 individuorum,
1141 640 1248 680 quae
1279 626 1409 666 Amici
1443 631 1482 665 et

90 701 290 745 Cultores
305 702 515 743 Scientiae
537 715 559 742 e
580 700 823 757 regionibus
845 702 1043 756 Europae
1065 700 1353 740 diversissimis
1374 712 1485 740 com-

88 776 263 832 parandi
294 789 439 816 caussa
471 777 689 826 miserunt,
719 775 816 816 mihi
853 775 1026 829 contigit
1057 773 1210 814 formas
1242 772 1482 828 sculpturae

89 865 210 892 unam
242 852 285 891 in
317 849 485 891 alteram
516 852 572 891 ita
602 851 754 891 sensim
787 847 1137 904 transgredientes
1168 847 1408 896 observare,
1439 854 1482 887 ut

88 925 185 966 mihi
216 937 462 979 persuasum
494 926 546 965 sit
576 924 668 965 illas
708 938 787 979 pro
826 922 1050 979 speciebus
1086 921 1260 963 diversis
1293 921 1483 962 determi-

89 997 237 1040 nandis
277 1000 488 1040 materiem
524 998 651 1054 plane
682 998 837 1039 nullam
868 996 1085 1052 praebere.
1146 997 1238 1037 Nec
1268 1010 1291 1036 a
1321 997 1485 1037 ratione

90 1073 269 1114 cellulae
307 1071 476 1113 radialis
514 1072 756 1122 vacillante,
796 1072 867 1113 tali
906 1085 1040 1127 scopo
1075 1069 1318 1125 attingendo
1358 1076 1485 1110 notae

90 1153 330 1188 constantes
374 1148 464 1188 erui
504 1154 692 1202 possunt.
776 1148 899 1187 Tunc
944 1144 1046 1186 nihil
1088 1143 1201 1185 aliud
1239 1150 1368 1184 restat
1405 1144 1484 1183 nisi

89 1219 352 1276 magnitudo,
393 1234 522 1275 quae,
560 1223 707 1262 ceteris
745 1219 938 1276 paribus,
975 1219 1066 1260 sola
1105 1233 1181 1274 per
1219 1232 1264 1259 se
1304 1217 1357 1259 ad
1393 1232 1485 1272 spe-

90 1297 173 1336 cies
204 1297 328 1336 unius
360 1294 635 1351 ejusdemque
656 1295 835 1338 Generis
859 1292 1173 1350 distinguendas
1204 1291 1323 1333 nullo
1354 1290 1484 1332 modo

87 1369 253 1410 sufficit.

181 1442 363 1499 Chrysis
401 1442 562 1485 bicolor
597 1443 721 1484 valde
759 1443 896 1484 affinis
935 1451 975 1484 et
1005 1442 1147 1484 similis
1180 1449 1243 1483 est
1278 1439 1485 1498 Chry-sicli

89 1518 358 1569 austriacae5
390 1524 448 1567 at,
479 1524 645 1572 praeter
673 1516 774 1557 alias
805 1525 945 1567 notas,
981 1531 1076 1557 mox
1108 1515 1383 1570 dignoscitur:
1414 1513 1486 1553 ab·

88 1591 268 1633 dominis
306 1593 507 1646 segmenti
546 1590 723 1632 dorsalis
762 1592 862 1632 3ztii
898 1592 1082 1646 margine
1112 1589 1262 1645 apicali
1292 1587 1485 1629 distincte

91 1673 130 1707 et
160 1667 388 1721 conspicue
419 1667 658 1721 angustiore
690 1680 814 1720 quam
852 1667 1035 1720 margine
1075 1663 1226 1712 basali,
1266 1665 1401 1718 capite
1433 1660 1484 1702 ad

91 1738 354 1780 mandibulas
395 1741 652 1795 angustiore,
697 1740 849 1781 cellula
888 1739 1036 1781 radiali
1078 1745 1117 1780 et
1157 1737 1392 1778 abdominis
1423 1750 1487 1776 se-

89 1815 150 1854 rie
183 1812 463 1867 ante-apicali
501 1813 554 1854 ad
594 1815 766 1855 formam
805 1813 1084 1863 variantibus,
1121 1813 1323 1854 metanoti
1359 1824 1487 1865 angu-

91 1887 140 1928 lis
178 1886 622 1943 postico-lateralibus
659 1887 889 1944 majoribus
929 1902 1052 1942 quam
1091 1889 1135 1927 in
1170 1885 1383 1941 Chryside
1414 1898 1487 1924 avc-

89 1963 273 2013 3triaca,
305 1968 382 2002 etc.

179 2034 350 2090 Corpus
390 2037 431 2076 in
472 2034 776 2090 exemplaribus
816 2050 953 2091 nuper
985 2034 1161 2076 exclusis
1193 2040 1264 2074 aut
1295 2046 1384 2073 non
1416 2030 1487 2072 de-

91 2111 195 2150 tritis
233 2109 400 2164 largiter
438 2110 764 2151 cinereo-fusco
807 2117 847 2150 et
886 2108 1276 2165 cano-pubescens.
1347 2105 1487 2161 Caput

91 2182 620 2239 rotundato-triangulum,
667 2184 887 2225 confertim
926 2182 1091 2224 modice
1129 2188 1374 2238 punctatum
1415 2187 1487 2221 aut

90 2257 400 2313 punctulatum,
438 2272 637 2313 rugosum
678 2265 747 2299 aut
785 2257 1030 2314 rugulosum
1067 2257 1327 2312 subopacum
1358 2254 1386 2294 l.
1416 2269 1488 2309 pa-

92 2346 258 2388 rumper
288 2331 472 2382 nitidum,
506 2347 711 2387 cyaneum
745 2340 785 2374 et
815 2332 990 2373 laeviter
1011 2331 1305 2385 viridi-pictum
1338 2335 1408 2368 aut
1429 2330 1489 2368 vi-

92 2421 258 2448 rescens
300 2413 339 2447 et
380 2408 767 2461 cyaneo-pictum.
830 2407 989 2446 Vertex
1021 2412 1062 2445 et
1093 2405 1210 2446 frons
1243 2404 1489 2444 convexius-

91 2479 451 2536 culo-depressa.
520 2478 587 2520 Ad
626 2486 850 2534 utrumque
889 2485 1059 2519 stemma
1096 2492 1334 2533 supremum
1370 2476 1488 2518 adest

91 2554 250 2596 macula
282 2557 438 2595 minuta
470 2552 612 2594 nitida.
662 2552 831 2594 Cavitas
864 2552 1020 2594 facialis
1052 2550 1487 2593 concaviusculo-de-

93 2643 231 2684 pressa
263 2629 735 2685 punctulato-coriacea
775 2627 1073 2683 subgranulata
1115 2641 1266 2683 opaca,
1305 2639 1487 2682 superne
