1695 3241
231 298 319 340 380
526 294 686 336 Fama.
703 293 998 348 Parnopidae.
1031 293 1098 335 12.
1121 293 1366 349 Par-nopes.

321 410 546 454 Abdomen
586 409 1137 466 ovato-subrectangulum,
1185 414 1399 465 segmenta
1429 406 1632 451 dorsalia:

233 487 369 528 maris
400 486 438 536 4,
457 509 508 516 -
528 481 615 534 Ω3;
668 490 927 539 segmentum
975 482 1144 525 dorsale
1190 483 1379 525 ultimum
1417 484 1634 525 maximum

233 561 342 601 serie
387 557 691 615 ante-apicali
730 583 782 590 —
823 556 938 614 apud
981 557 1156 599 familias
1197 556 1493 599 antecedentes
1538 570 1636 598 nor-

232 632 331 675 mali
364 658 416 665 —
449 635 624 674 omnino
664 638 795 682 caret,
835 638 906 674 aut
943 631 1334 674 subsemicirculare
1365 637 1438 672 aut
1467 632 1638 673 conico-

232 706 580 763 subtriangulare,
609 713 729 762 parte
758 705 893 747 basali
924 712 965 747 et
995 707 1168 747 maxima
1198 704 1364 747 modice
1394 719 1638 755 convexum,

233 788 332 823 ante
370 782 596 837 marginem
633 780 794 822 analem
826 781 1024 836 utrinque
1056 780 1271 836 elliptico-
1300 785 1373 820 aut
1403 780 1638 820 ovato—im-

233 869 413 897 mersum
452 853 641 896 carinula
680 854 873 896 mediana
911 853 1032 895 brevi
1062 856 1199 895 minus
1231 852 1506 894 determinata
1536 866 1638 894 con-

233 943 338 970 vexa
368 928 672 971 intercedente.
731 927 907 969 Limbus
947 926 1078 968 analis
1110 928 1339 982 (segmenti
1369 925 1548 968 dorsalis
1579 926 1640 968 ul-

233 1003 348 1056 timi)
379 1016 543 1044 crassus
554 1032 567 1056 ⁷
613 1009 684 1044 aut
723 1001 947 1059 depressus
987 1000 1161 1043 declivis
1192 1007 1264 1041 aut
1295 1014 1526 1052 convexus,
1565 999 1640 1042 du-

234 1075 337 1133 plici
365 1079 475 1118 serie
504 1076 752 1118 serrulatus:
783 1078 893 1118 serie
923 1077 1144 1132 superiore
1173 1076 1399 1131 marginem
1429 1072 1640 1116 dorsalem

235 1158 442 1207 sequente
483 1158 556 1192 aut
595 1165 619 1192 3
657 1149 888 1192 tuberculis
927 1156 1000 1191 aut
1039 1164 1063 1191 a
1102 1148 1281 1206 spinulis
1319 1150 1641 1204 microscopicis

237 1227 484 1276 constituta,
521 1227 629 1266 serie
667 1225 869 1267 inferiore
897 1223 1127 1266 secundum
1157 1224 1383 1280 marginem
1411 1222 1641 1265 ventralem

237 1297 361 1340 ducta
401 1305 442 1341 et
480 1298 704 1341 denticulis
742 1299 769 1341 l.
801 1297 1212 1355 subtriangularibus
1248 1297 1275 1339 l.
1308 1295 1540 1354 spinoideis
1579 1296 1642 1339 di-

237 1374 397 1415 stinctis
426 1375 639 1416 instructa.

325 1447 505 1503 Species
542 1449 749 1504 Parnopis
792 1447 972 1491 Generis
1012 1450 1038 1491 4
1070 1447 1264 1503 cognitae
1299 1451 1415 1489 sunt:
1455 1446 1483 1489 3
1504 1447 1643 1503 Aegy-

237 1522 400 1576 ptiacae
432 1529 473 1564 et
504 1524 629 1565 unica
660 1524 897 1580 Europaea.
