1695 3277
201 292 273 317 vm
782 278 1027 333 Praefatio.

200 393 303 439 dum
327 394 430 440 mihi
459 395 672 457 permisit,
709 401 753 438 et
775 394 1044 442 insectorum
1069 393 1462 442 describendorum
1487 397 1597 443 libe-

199 469 411 514 ralissime
437 470 608 532 copiam
633 467 737 513 mihi
762 468 880 525 fecit,
903 471 990 514 imo
1015 470 1278 516 venerabilis
1297 488 1436 517 senex
1455 473 1597 517 omnia

200 561 264 599 ea,
300 560 485 607 quorum
520 545 618 607 ipse
654 543 997 607 descriptionem
1034 552 1160 591 antea
1194 546 1422 608 inceperat
1456 546 1598 610 Chry-

199 618 389 665 sidarum
441 635 759 682 europaearum
813 619 1077 682 exemplaria
1120 620 1221 665 mihi
1266 620 1436 666 obtulit.
1505 620 1598 670 Qua

200 695 356 740 eximia
400 693 671 757 benignitate
707 694 819 741 adeo
855 695 1027 741 adiutus
1063 712 1180 750 sum,
1222 703 1271 740 ut
1305 704 1493 758 angusto
1528 696 1597 741 bi-

198 770 351 815 mestri
385 770 526 832 spatio
563 770 658 816 116
694 772 870 833 species
907 769 1167 825 conferrem,
1203 770 1297 816 130
1324 772 1500 833 species
1534 772 1597 816 in-

198 852 347 906 tegras
372 844 688 901 describerem,
716 848 775 892 16
798 846 970 893 tabulas
995 846 1253 910 synopticas
1279 862 1596 908 componerem

199 927 243 965 et
289 928 585 966 trecentarum
620 920 934 985 Chrysidarum
974 921 1235 984 unguiculas
1275 921 1597 984 microscopice

197 997 562 1058 pervestigarem.
619 995 751 1042 Hunc
784 997 983 1043 ultimum
1018 997 1216 1043 laborem
1245 997 1420 1042 minime
1447 1003 1597 1041 exant-

197 1071 288 1129 lare
322 1072 588 1132 potuissem,
638 1073 719 1116 nisi
754 1073 820 1117 vir
856 1073 1123 1117 clarissimus
1160 1072 1313 1130 Stein,
1356 1071 1598 1134 professor,

198 1147 367 1208 egregii
404 1147 468 1191 sui
505 1147 790 1209 microscopii
823 1166 950 1194 usum
985 1147 1090 1193 mihi
1126 1147 1436 1193 concessisset.

292 1218 440 1266 Musei
474 1218 776 1268 Berolinensis
820 1225 1154 1285 praestantiam,
1206 1222 1261 1268 ab
1306 1222 1398 1267 aliis
1442 1221 1598 1266 merito

196 1294 434 1351 laudatam,
486 1297 702 1344 extollere
744 1315 833 1344 non
874 1315 1021 1344 meum
1067 1306 1148 1344 est.
1221 1296 1412 1342 Cuilibet
1451 1297 1599 1358 ingre—

198 1369 334 1417 dienti
376 1400 437 1406 —
482 1373 594 1418 sitne
638 1372 846 1419 historiae
890 1373 1097 1419 naturalis
1149 1373 1319 1436 peritus
1361 1388 1502 1417 necne
1539 1398 1599 1405 ——

196 1447 429 1492 maximam
473 1447 808 1494 admirationem
850 1456 1001 1494 movet
1046 1456 1112 1494 tot
1152 1455 1463 1509 tantorumque
1510 1447 1598 1490 ani-

196 1521 370 1566 malium
418 1522 534 1568 bene
570 1521 767 1568 ordinata
804 1521 1057 1586 dispositio,
1108 1522 1341 1569 doctorum
1374 1521 1599 1566 hominum

197 1597 493 1659 sagacissimis
534 1598 890 1661 inquisitionibus
932 1599 1168 1644 constituta
1211 1605 1255 1644 et
1297 1604 1481 1643 servata.
1553 1594 1598 1641 In

198 1672 460 1735 colligendis
497 1681 542 1719 et
576 1673 861 1720 adservandis
895 1674 1076 1720 insectis
1099 1675 1166 1720 vir
1190 1673 1455 1718 clarissimus
1478 1671 1600 1731 Kluq

198 1746 291 1793 fere
328 1749 643 1812 quinquaginta
679 1766 890 1794 annorum
927 1766 1108 1812 operam
1142 1747 1377 1811 impendit,
1420 1764 1444 1791 a
1477 1747 1599 1791 mini-

198 1824 333 1868 sterio
367 1825 508 1886 regis,
553 1826 623 1870 cui
656 1824 810 1870 harum
845 1841 994 1871 rerum
1028 1842 1133 1870 cura
1169 1831 1258 1879 est,
1307 1839 1463 1884 magna
1500 1838 1599 1867 cum

198 1897 458 1945 liberalitate
494 1900 680 1947 adiutus.

296 1971 405 2019 Cum
431 1972 626 2021 Berolini
662 1975 888 2038 degerem,
923 1992 947 2020 a
980 1976 1085 2022 viris
1121 1974 1314 2029 summis,
1348 1973 1490 2020 libero
1515 1970 1599 2018 Ba-

197 2065 307 2094 rone
341 2049 613 2097 Alexandro
649 2051 709 2096 ab
731 2050 993 2108 Humboldt,
1027 2066 1113 2096 nec
1145 2066 1233 2094 non
1258 2049 1401 2096 libero
1418 2047 1600 2094 Barone

199 2138 231 2168 a
252 2123 513 2183 D’Ohsson9
549 2125 795 2171 studiorum
828 2143 1029 2171 meorum
1063 2124 1307 2170 fautoribus
1342 2124 1600 2187 praeclaris-

198 2199 332 2255 simis,
374 2200 579 2246 incitatus
615 2217 724 2256 sum,
765 2207 814 2245 ut
847 2197 1065 2245 Viennam
1098 2199 1336 2256 visitarem,
1371 2200 1448 2245 ubi
1483 2200 1600 2245 inse-

199 2280 370 2319 ctorum
395 2273 601 2339 Europae
624 2274 921 2321 meridionalis
945 2282 991 2320 et
1012 2275 1225 2337 imprimis
1248 2273 1468 2329 Austriae,
1492 2273 1600 2319 liuc-

197 2366 340 2413 usque
374 2368 462 2396 non
498 2352 603 2396 satis
638 2352 917 2413 cognitorum
952 2350 1240 2413 largissimam
1287 2367 1479 2396 messem
1524 2367 1601 2396 ex-

197 2433 381 2488 pectare
423 2443 620 2489 possem.
697 2425 940 2472 Absentiae
992 2433 1138 2471 autem
1183 2425 1310 2471 venia
1357 2442 1455 2470 cum
1491 2442 1602 2470 non-

199 2500 282 2545 nisi
325 2499 380 2546 ad
423 2500 555 2547 finem
596 2502 761 2548 mensis
805 2498 1014 2548 Octobris
1061 2499 1166 2546 mihi
1210 2516 1424 2546 concessa
1469 2508 1601 2555 esset,

199 2575 287 2620 hoc
337 2576 493 2623 itinere
534 2577 697 2622 invitus
740 2577 941 2624 abstinui.
1009 2574 1215 2622 Attamen
1257 2574 1360 2621 mihi
1403 2573 1599 2621 Lundam

202 2648 356 2697 reduci
389 2677 454 2684 -—
486 2659 694 2715 quantum
730 2650 861 2698 fuerit
894 2651 1100 2715 gaudium
1136 2668 1282 2698 meum
1319 2651 1506 2713 quisque
1541 2650 1602 2695 sa-
