1695 3241
161 282 214 321 10
718 279 752 317 1.
820 275 1003 331 Cleptes.

468 508 510 552 1.
582 506 755 553 Genus
792 505 1083 553 CLEPTES
1123 507 1251 553 Latr.

207 620 279 652 Gen
319 618 372 651 Cr.
400 627 430 651 et
456 619 566 652 Insect.
607 619 704 652 Toni.
724 618 768 658 4.,
793 632 863 663 pag.
885 618 927 651 44
944 644 952 660 ‚
980 618 1063 651 Gen.
1089 618 1168 651 473,
1196 627 1225 651 ct
1244 619 1424 651 Auctorum
1448 630 1559 650 recen-

279 676 399 708 tim-um
425 675 657 721 plurimorum.

254 767 425 823 Corpus
455 767 667 809 mediocre
703 769 849 822 1-23
869 767 953 818 lin„
984 770 1115 809 rarius
1147 781 1339 823 magnum
1372 774 1412 808 et
1438 767 1465 808 3
1488 766 1559 807 lin.

161 841 348 883 decimal.
390 841 580 897 longum,
623 842 872 898 ellipticuin‚
913 841 1291 899 proportionaliter
1329 848 1560 898 angustum,

163 931 257 958 raro
291 930 490 957 crassum.

255 990 398 1045 Caput
427 996 705 1031 transversum
739 988 1017 1031 orbiculatum
1058 989 1170 1031 collo
1202 990 1383 1031 thoracis
1415 989 1560 1033 latius-2

165 1064 281 1104 frons
313 1077 519 1113 convexa,
551 1077 646 1104 raro
679 1061 894 1118 depressa,
925 1078 1141 1119 nunquam
1175 1067 1247 1115 (ut
1277 1066 1320 1104 in
1353 1061 1564 1118 Chryside

163 1152 240 1192 pro
264 1139 399 1192 scapis
423 1136 763 1193 quiescentibus)
786 1137 965 1188 foveam,
996 1144 1157 1179 tantuin
1178 1136 1346 1178 sulculo
1368 1135 1563 1177 mediano

162 1213 343 1252 tenuiter
373 1213 584 1268 impressa.
636 1212 801 1266 Ligula
831 1211 1138 1253 subrotundata
1169 1213 1341 1266 integra.
1400 1210 1565 1252 Maxil-

163 1286 232 1326 lae
270 1299 496 1341 processus
538 1293 733 1327 externus
775 1293 816 1328 et
851 1285 1077 1328 terminalis
1108 1284 1451 1327 membranaceus
1482 1284 1566 1326 late

164 1358 435 1414 obtrigonus,
474 1358 527 1400 ad
568 1361 727 1415 apicem
766 1359 893 1402 latior
930 1359 1063 1402 veluti
1094 1366 1309 1401 truncatus
1340 1366 1413 1401 aut
1445 1357 1567 1401 obtu—

163 1435 370 1482 sissimus3
413 1448 638 1490 processus
677 1435 867 1475 internus
907 1448 1063 1490 parvus
1103 1433 1377 1475 dentiformis.
1441 1431 1567 1474 Man-

164 1507 336 1549 dibalae
364 1505 517 1548 breves
547 1506 749 1548 robustae
779 1507 889 1549 latae
919 1509 1129 1563 trigonae,
1161 1505 1312 1548 subtus
1334 1521 1479 1558 cavae,
1511 1506 1566 1548 ab

167 1583 328 1637 origine
350 1580 402 1621 ad
423 1580 605 1622 medium
635 1583 898 1632 incrassatae,
930 1583 1049 1637 apice
1072 1581 1477 1636 compressiusculae
1498 1584 1568 1622 tri-

165 1655 465 1698 denticulatae:
497 1653 713 1696 denticulo
745 1657 912 1697 interno
945 1657 1106 1706 minori,
1137 1654 1369 1711 apicalibus
1395 1655 1567 1697 duobus

166 1733 344 1772 invicem
384 1729 724 1785 subaequalibus.
784 1729 1009 1772 Antemnae
1037 1729 1330 1786 longiusculae
1361 1729 1568 1772 subrobu—

166 1813 255 1847 stae
293 1804 512 1846 filiformes
552 1810 622 1845 aut
661 1802 954 1855 subsetaceae‚
993 1803 1045 1846 ad
1088 1819 1202 1846 orem
1234 1806 1276 1845 in
1309 1804 1466 1861 clypeo
1506 1807 1567 1846 in-

166 1887 314 1921 sertae.

256 1953 456 1993 Theracis
479 1959 712 2008 pronatum
742 1951 769 1992 l.
802 1952 1078 1994 transversale
1110 1952 1136 1994 l.
1167 1951 1570 2008 sublongitudinale,

167 2026 414 2076 collisorme,
446 2027 581 2081 capite
612 2025 844 2082 paullulum
876 2028 1103 2082 angustius,
1135 2028 1271 2068 antice
1302 2026 1571 2069 arcuato-ob-

168 2109 320 2142 tusum.
371 2099 612 2141 Dorsulum
643 2108 831 2156 pronoto
862 2100 1051 2151 brevius,
1083 2108 1384 2152 transversum,
1417 2100 1571 2143 obtuse

169 2173 661 2230 parallelogrammicum,
702 2173 1171 2229 convexo-depressum
1204 2177 1360 2216 suturis
1391 2175 1571 2231 longitu-

170 2246 382 2288 dinalibus
423 2247 673 2304 plerumque
713 2250 738 2290 4
779 2250 1036 2305 impressum.
1109 2248 1345 2290 Scutellam
1383 2255 1570 2304 pronoto

171 2321 316 2378 paullo
339 2320 521 2372 brevius,
552 2321 669 2364 disco
692 2322 1116 2378 convexo-depresso
1145 2322 1271 2377 plano
1296 2322 1449 2364 obtuse
1474 2321 1572 2364 sub-

172 2395 430 2452 rectangulo.
482 2394 752 2439 Illetanotum
777 2405 1059 2439 transversum
1091 2396 1377 2448 subcubicum,
1409 2397 1496 2438 sere
1529 2404 1573 2438 ut

172 2473 215 2511 in
238 2470 526 2527 Ampultce*)
559 2478 857 2522 constructum,
889 2486 1016 2527 supra
1048 2471 1219 2527 planum
1252 2479 1292 2514 et
1322 2473 1437 2513 varie
1466 2471 1574 2512 scul-

269 2626 310 2671 *)
337 2628 402 2662 Csr.
431 2630 528 2675 Hym.
556 2630 682 2675 Europ.
709 2631 806 2664 Tom.
829 2631 857 2665 l.
901 2631 983 2665 Tab.
1010 2631 1123 2665 Exarn,
1151 2633 1288 2678 Synopt.
1331 2633 1393 2665 No.
1413 2631 1443 2664 3.

1678 2487 1695 2523 «ἐ
