1695 3241
194 268 355 311 Farm'L
376 267 679 325 Ohrysididae.
716 267 920 326 Chrysis.-
949 268 1155 311 Phalanx
1181 269 1258 311 VI.
1363 271 1450 313 293

189 387 268 421 nola
292 388 357 421 Ins.
383 385 455 429 Lig.
474 385 591 430 1:103
615 405 661 412 —
685 386 784 420 Panz.
811 387 875 421 Fn.
901 387 1010 429 5:22;
1038 407 1080 414 —
1106 388 1222 421 lem.
1249 387 1345 422 Mon.
1371 387 1449 422 Chr.

189 445 277 486 722,
314 444 376 477 Ex.
399 443 499 490 Hym.
524 442 618 477 28:2
650 457 714 477 var.
734 453 824 478 a.'et
847 444 889 486 b.‚
928 444 1060 490 Dispos.
1086 445 1175 488 8:23
1202 467 1243 473 -—
1277 445 1360 479 Zett.
1385 445 1450 478 Ins.

188 503 293 547 Lapp.
319 500 451 542 433:2;
477 519 519 526 —·
545 501 724 534 Wesmaiil
749 503 824 535 Not.
844 500 924 536 9:l.

120 559 265 605 Chrysis
289 558 441 592 obsoleta
466 557 582 592 lem.
608 558 742 603 Dispos⁵
760 557 840 592 821.
867 555 908 602 ff
933 572 999 592 var.
1025 559 1115 592 Mus.
1141 557 1321 604 Paykulli.

120 615 266 662 Chrysis
289 614 438 649 Kollari
461 615 563 657 Ziegl.
588 615 769 648 secundum
793 615 884 648 Mus.
903 615 1082 659 Spinolae.

120 672 266 719 Chrysis
286 673 451 718 pyritem
476 673 574 715 Klug.
598 673 778 705 secundum
803 672 892 705 Mus.
911 672 1120 705 Berolinens.

118 729 134 763 ?
158 730 303 776 Chrysis
327 729 567 776 cyanochrysa
592 729 736 762 Forster.
761 729 846 761 Nov.
872 742 921 772 sp.
947 728 1007 763 ins.
1026 728 1082 763 88.

135 826 350 880 „Habitat
384 827 428 867 in
467 825 699 882 parietibus
739 832 780 867 et
819 827 964 876 muris,
1014 829 1257 880 praesertim
1289 827 1451 882 argilla-

52 903 167 942 ceis“
198 901 318 954 (Lin.
350 900 378 942 l.
401 902 455 953 c.)
486 915 566 942 nec
596 914 685 942 non
715 901 760 941 in
790 899 903 941 foliis
936 906 977 941 et
1006 899 1183 941 floribus
1215 900 1449 957 plantarum

49 977 293 1031 truncisque
331 974 528 1017 arborum
566 974 649 1016 soli
686 975 825 1015 urenti
866 976 1064 1030 expositis
1100 989 1179 1030 per
1208 981 1336 1016 totam
1367 976 1452 1016 Eu-

50 1064 197 1106 ropam
227 1050 452 1105 Asiamque
490 1051 694 1091 minorem
732 1048 916 1104 vulgaris
955 1055 1026 1090 aut
1055 1048 1356 1104 vulgatissima,
1395 1048 1451 1089 ab

50 1126 223 1165 ineunte
259 1138 359 1166 vere
396 1138 532 1179 usque
571 1125 614 1164 in
653 1123 844 1164 ultimum
883 1129 1154 1165 auctumnum
1184 1125 1341 1179 vigens.
1402 1122 1451 1164 In

50 1200 170 1240 terris
211 1200 372 1240 arcticis
410 1213 488 1253 per
525 1204 654 1238 totam
685 1198 948 1253 Lapponiam
969 1196 1132 1239 *sultam
1162 1212 1242 1239 nec
1271 1211 1360 1238 non
1391 1198 1452 1238 in-

50 1271 265 1328 feralpinis
294 1274 504 1313 maritimis
535 1270 826 1313 Nordlandiae
850 1271 1201 1326 Finmarkiaeque
1231 1285 1368 1326 usque
1398 1270 1451 1312 ad

51 1345 177 1388 Alten
206 1348 370 1402 (prope
399 1345 666 1401 Nord-Cap)
697 1345 908 1402 procedit,
948 1345 1201 1388 observante
1233 1345 1325 1387 Cel.
1354 1345 1453 1387 Zet—

51 1420 228 1462 ter-stede
258 1419 284 1461 1.
308 1435 342 1461 c.
403 1420 471 1462 De
501 1419 688 1462 moribus
721 1426 762 1461 et
791 1422 875 1461 vita
897 1419 1302 1476 pseudo-parasitica
1323 1420 1450 1475 hujus

53 1497 208 1549 optime
249 1496 441 1549 cognitae
489 1496 643 1550 speciei
675 1493 767 1536 Cel.
797 1494 1029 1545 Latret'lle,
1125 1494 1372 1535 'alckenaer
1411 1500 1453 1534 et

56 1569 308 1610 Westwood
344 1567 662 1609 observationes
702 1567 755 1608 ad
786 1566 1081 1608 delectandum
1113 1569 1345 1622 aptissimas
1377 1583 1454 1623 pu-

52 1643 272 1684 blicarunt.
347 1642 444 1684 Scil.
475 1644 517 1683 in
561 1642 797 1694 „Histoire
835 1641 1045 1682 natm-elle
1090 1641 1166 1681 des
1205 1641 1450 1682 Fourmis‘4

51 1718 204 1768 (Paris.
223 1717 362 1769 1802)
394 1731 487 1772 pag.
509 1717 594 1758 320
626 1718 681 1756 ita
713 1717 877 1771 scripsit
901 1715 1129 1756 Latreille:
1160 1715 1269 1766 „J’ai
1300 1717 1452 1757 trouve

50 1792 185 1841 „aussi
203 1790 610 1845 tres-fre'quemment
630 1790 690 1830 les
715 1790 876 1844 chrysis
907 1788 1013 1830 dore
1034 1787 1200 1830 femelle
1223 1790 1299 1841 (=
1319 1790 1454 1847 Chry-

51 1866 137 1915 „sis
164 1865 306 1918 ignita
328 1862 397 1916 9.),
428 1870 615 1918 guettant
641 1855 747 1904 *avec
776 1865 969 1918 patience
998 1862 1184 1902 l’instant
1215 1866 1272 1903 οὺ
1302 1863 1342 1904 le
1363 1864 1454 1918 phi-

51 1938 247 1989 ,‚lanthe“
276 1937 413 1989 (sorte
445 1937 637 1979 Cerceris
669 1939 865 1989 ornata?)
897 1937 1117 1986 „sortiroit
1147 1934 1200 1976 de
1231 1950 1312 1977 son
1342 1942 1454 1988 trou,

51 2012 160 2063 „afin
191 2011 244 2052 de
273 2012 337 2068 s'y
367 2011 611 2061 introduire,
643 2010 714 2067 d’y
746 2010 929 2066 deposer
959 2025 1025 2051 ses
1059 2009 1193 2060 oeufS,
1226 2017 1266 2051 et
1297 2009 1351 2051 de
1382 2009 1453 2052 de-

51 2088 204 2138 „truire
234 2085 295 2127 les
326 2086 573 2141 espe'rances
606 2084 658 2126 de
690 2099 738 2126 ce
769 2084 947 2126 dernier.
1008 2085 1070 2125 Le
1100 2083 1315 2140 philanthe
1346 2084 1452 2140 s'ap-

51 2162 290 2216 „percevoit
326 2166 508 2201 souvent
547 2159 604 2201 du
639 2159 805 2201 dessein
836 2158 895 2200 du
926 2159 1106 2214 chrysis‚
1147 2165 1188 2200 et
1218 2160 1364 2200 venoit
1393 2157 1453 2200 lui

50 2235 240 2286 „donner
269 2233 309 2274 la
339 2232 521 2274 cbasse.“

139 2309 187 2350 In
217 2307 370 2349 Illustr.
402 2307 686 2349 Walleeuaevvi
715 2307 978 2360 „Mcimoires
1017 2307 1094 2348 des
1124 2305 1309 2347 Abeilles
1341 2305 1454 2347 Soli-

54 2384 213 2425 ἰαίνωνὅ
245 2383 400 2435 (Paris.
426 2381 565 2432 1817)
597 2396 688 2437 pag.
712 2383 767 2422 42
799 2382 901 2422 haec
922 2380 1050 2422 verba
1073 2386 1317 2422 occurrunt:
1349 2380 1452 2430 „J’ai

53 2463 257 2507 „souvent
287 2471 345 2496 vu
375 2455 414 2497 la
447 2454 624 2511 Chrysis
656 2454 786 2496 doree
817 2457 901 2507 (=
924 2454 1024 2497 Chr.
1056 2456 1225 2509 ignita)
1256 2455 1453 2510 pene'trer

55 2529 180 2580 „dans
211 2531 251 2572 le
290 2537 387 2571 trou
420 2529 476 2570 du
513 2529 713 2571 Cer-ceris
744 2536 898 2571 omenta
930 2528 1120 2584 lorsqu'il
1153 2529 1215 2583 s'y
1247 2528 1451 2577 trouvait3

54 2603 116 2654 „la
147 2603 323 2661 Chrysis
353 2602 485 2645 doree
516 2617 756 2645 commence
787 2617 863 2658 par
892 2604 999 2658 jeter
1030 2602 1088 2644 du
1119 2601 1237 2644 sahle
1268 2601 1372 2643 dans
1403 2615 1451 2643 ce

104 2690 143 2723 11.
1127 2676 1186 2717 20
