1695 3277
239 329 279 354 v¹
816 313 1063 370 Praefatio.

241 448 355 477 anno
382 432 504 478 1847
542 431 709 477 itineris
743 431 964 494 impensas
994 434 1164 495 petenti
1199 432 1302 479 mihi
1331 432 1637 480 liberalissime

240 508 478 552 concessit.

334 579 418 626 Die
453 582 497 626 5.
533 580 697 626 mensis
728 577 823 626 Iulii
858 580 1058 628 eiusdem
1093 584 1190 629 anni
1217 582 1339 630 1847
1374 583 1531 629 itinere
1566 599 1638 628 su-

240 663 400 719 scepto
435 656 623 719 primum
657 653 870 702 Havniam
905 674 977 703 me
1014 658 1190 714 contuli,
1225 666 1270 704 et
1304 659 1638 720 congregationi

239 738 420 776 naturae
463 731 761 777 studiosorum
805 730 1122 780 Scandinaviae
1165 733 1293 779 adfui.
1360 731 1426 779 lbi
1469 750 1494 778 a
1534 729 1638 779 viris

239 807 434 869 egregiis
472 806 734 853 Christiano
767 807 1014 868 Drewsen,
1057 809 1273 855 Sclziodte
1307 808 1514 863 doctore,
1563 808 1638 871 qui

238 882 351 943 regii
384 883 527 928 musei
562 883 749 928 sectioni
785 883 1140 946 entomologicae
1173 892 1372 947 praeest,
1414 883 1639 942 Staeqero

240 965 284 1002 et
326 957 673 1005 Westermamzo
714 960 900 1004 maxima
941 959 1239 1006 benivolentia
1273 965 1488 1022 exceptus
1528 975 1637 1003 sum.

237 1029 616 1078 Westermannus
652 1041 769 1078 tanta
799 1033 878 1079 suit
899 1034 1172 1091 liberalitate,
1206 1042 1255 1080 ut
1276 1035 1492 1096 integram
1516 1051 1637 1078 suam

239 1105 552 1172 Chrysidarum
597 1108 927 1163 collectionem,
969 1126 1058 1154 non
1100 1110 1241 1155 solum
1277 1111 1319 1154 in
1353 1111 1509 1154 itinere
1544 1125 1639 1154 me-

238 1198 339 1228 cum
374 1183 695 1246 asportandam,
731 1183 813 1230 sed
847 1186 977 1230 etiam
1001 1185 1041 1230 in
1066 1186 1249 1248 patriam
1274 1184 1428 1230 reduci
1449 1184 1638 1229 maximo

239 1258 329 1303 otio
366 1257 485 1304 domi
518 1259 868 1322 perlustrandam
901 1260 1005 1305 mihi
1041 1259 1324 1306 concederet.

333 1330 482 1379 Musei
499 1332 764 1381 Havniensis
789 1335 945 1397 copiae
970 1335 1324 1397 entomologicae
1342 1362 1404 1369 ——
1422 1340 1639 1397 quatenus

236 1405 430 1454 Fabricii
464 1410 706 1472 specimina
738 1410 890 1474 typica
925 1411 1150 1456 continent
1169 1435 1236 1443 —-
1259 1427 1316 1457 ex
1350 1409 1521 1455 duabus
1546 1408 1638 1454 col-

236 1483 504 1530 lectionibus
540 1493 781 1547 congestae
816 1493 929 1542 sunt,
964 1501 1146 1547 quarum
1176 1486 1372 1547 priorem
1393 1485 1460 1530 vir
1482 1484 1639 1530 beatae

236 1561 477 1606 memoriae
502 1557 561 1605 de
582 1558 835 1617 Selzestedt,
864 1561 1064 1606 minister
1093 1560 1256 1622 regius,
1279 1559 1458 1606 alteram
1483 1559 1640 1605 beatus

247 1634 429 1681 Tonder
460 1634 615 1692 Lund,
656 1635 887 1699 vectigalis
922 1635 1136 1691 director,
1186 1642 1286 1682 ante
1325 1634 1409 1681 hos
1444 1634 1505 1680 14
1545 1633 1637 1680 fere

238 1728 376 1757 annos
418 1727 573 1757 museo
618 1709 906 1758 donaverunt.
974 1709 1238 1774 Specierum
1279 1727 1488 1757 numerus
1522 1711 1639 1755 circa

238 1785 394 1832 decem
432 1787 595 1832 milium
632 1794 711 1832 est.
767 1785 1048 1850 Exemplaria
1080 1787 1124 1832 in
1159 1787 1328 1832 scriniis
1364 1793 1409 1832 et
1431 1786 1552 1832 cistis
1573 1787 1638 1831 vi-

239 1868 308 1907 tro
335 1863 560 1924 coopertis
584 1879 709 1908 more
737 1862 866 1907 solito
893 1861 1193 1908 adservantur.
1241 1860 1455 1908 Cistarum
1479 1860 1639 1907 fundus

238 1953 325 1981 non
363 1937 542 1993 subere,
576 1936 657 1983 sed
692 1953 794 1983 cera
827 1945 974 1984 tectus
1009 1945 1088 1984 est.

333 2009 586 2075 Nonaginta
629 2019 673 2059 et
712 2028 800 2058 una
841 2015 1019 2076 species
1060 2015 1102 2058 in
1146 2030 1301 2059 museo
1335 2011 1575 2058 Hamiensi
1615 2029 1640 2057 a

238 2103 310 2133 me
332 2087 637 2150 perlustratae,
661 2089 837 2150 triginta
860 2088 948 2134 hoc
970 2088 1192 2135 volumine
1217 2088 1469 2151 descriptae
1493 2095 1606 2134 sunt.

336 2160 505 2209 Havnia
540 2162 691 2208 relicta
726 2160 952 2209 Lubecam
996 2171 1041 2209 et
1072 2162 1318 2209 Kieloniam
1354 2180 1425 2209 me
1461 2163 1637 2208 contuli.

239 2234 447 2284 Lubecae
471 2238 620 2284 Mz‘ldz'z·
655 2238 966 2284 collectionem
1001 2246 1045 2284 et
1079 2239 1410 2284 amoenissimas
1446 2239 1540 2284 eius
1574 2240 1638 2284 in-

241 2320 466 2359 sectorum
490 2315 684 2377 picturas
702 2315 888 2377 inspexi.
919 2312 1148 2360 Kieloniae
1168 2313 1271 2360 inde
1291 2331 1313 2359 a
1333 2313 1404 2359 die
1422 2314 1497 2359 30.
1515 2331 1639 2359 nien-

179 2406 188 2414 ··
240 2390 300 2435 sis
333 2387 429 2435 Iulii
469 2407 613 2454 usque
648 2389 704 2435 ad
738 2388 932 2449 dieni7.
968 2390 1132 2436 mensis
1167 2387 1358 2451 Augusti
1393 2405 1640 2434 commora-

239 2472 322 2520 tus,
356 2465 656 2512 benivolentia
688 2472 732 2512 et
766 2482 904 2528 opera
925 2466 1118 2511 virorum
1144 2464 1484 2510 clarissimorum
1507 2464 1640 2522 Boie,

240 2541 481 2601 justiciarii,
517 2547 562 2586 et
589 2541 817 2598 Same-sen,
846 2540 1057 2597 doctoris,
1091 2541 1463 2604 opportunitatem
1486 2547 1641 2585 nactus

241 2632 359 2671 sum,
402 2617 623 2678 antiquam
665 2617 781 2662 illam
809 2615 1001 2664 Fabricii
1037 2615 1366 2672 collectionem,
1409 2617 1452 2661 in
1486 2631 1641 2661 museo

240 2690 537 2736 universitatis
568 2688 866 2738 Kieloniensis
902 2691 1189 2748 adservatam,
1222 2689 1527 2754 perlustrandi.
