1695 3241
213 299 299 342 290
386 297 544 340 Fama.
567 293 867 351 Claeryst‘didae.
904 293 1109 351 Chrysis.-
1141 293 1345 336 Phalanx
1368 294 1446 337 VI.

284 414 429 459 Chrysis
453 412 598 456 auripes
623 410 796 445 Wesmaffl
820 411 899 445 Not.
924 410 1006 445 922.

284 471 430 516 Chrysis
454 469 575 515 ignita
601 469 716 501 lem.
742 469 802 502 Ex.
828 469 927 515 Hym.
951 468 1056 503 2822.
1084 481 1148 501 var.
1165 480 1195 503 c.

297 556 479 598 Habitat
507 554 683 597 forsitan
713 555 757 596 in
786 553 976 610 plurimis
997 555 1197 611 Europae
1226 552 1482 610 regionibus,
1511 553 1608 596 licet

211 631 346 673 adhuc
393 632 621 686 (quantum
661 629 852 681 constat)
898 627 1187 670 tantummodo
1226 629 1271 669 in
1308 625 1455 682 Belgia
1491 639 1516 666 a
1553 625 1609 667 D.

217 704 440 746 Wesmae‘l
475 705 590 760 juxta
620 702 879 752 Bruxellam,
917 703 960 743 in
992 701 1131 744 Gallia
1170 716 1193 742 a
1222 702 1278 743 D.
1300 701 1449 750 Loew,
1495 705 1537 740 et
1566 700 1610 739 in

210 778 359 820 Svecia
390 792 413 818 a
443 776 568 819 nobis
598 776 718 818 lecta.
778 777 891 817 Intra
923 775 1112 817 Sveciam
1143 774 1280 816 solum
1311 776 1338 815 6
1360 772 1610 828 exemplaria

211 851 526 894 observavimus
562 850 650 892 scil.
690 852 734 891 in
771 856 922 891 trunco
970 851 1177 890 exsiccato
1219 848 1331 889 horti
1372 845 1609 888 Academici

209 925 448 967 Lundensis
479 923 519 965 d.
550 925 621 965 24.
643 923 731 964 Mai
764 923 888 973 1831,
918 924 962 963 in
993 921 1214 977 Blekingia
1244 920 1298 961 ad
1329 920 1533 976 Skillinge
1564 921 1609 960 in

208 999 308 1041 loco
348 1010 529 1040 arenoso
568 998 678 1038 inter
716 995 880 1051 plantas
922 995 1077 1036 Solam·
1106 994 1294 1036 tuber-osi
1332 992 1371 1035 d.
1403 994 1473 1035 22,
1503 992 1611 1034 Julii

211 1073 335 1123 1841,
365 1074 409 1113 in
439 1069 616 1114 floribus
649 1068 702 1110 ad
731 1068 1043 1125 Wamblingbo
1075 1067 1348 1110 Gottlandiae
1379 1066 1420 1108 d.
1443 1068 1481 1108 5.
1503 1065 1610 1108 Julii

211 1147 323 1188 1841
356 1160 436 1187 nec
466 1159 555 1186 non
584 1146 628 1186 in
650 1142 906 1185 Jemtlandia
936 1142 990 1184 ad
1011 1144 1146 1198 Berge
1175 1141 1214 1183 d.
1237 1143 1277 1184 6.
1297 1142 1474 1198 Augusti
1497 1141 1611 1183 1840

210 1221 253 1261 in
285 1219 400 1275 ligno
434 1221 546 1260 sicco
577 1219 865 1259 vermisecato.

297 1292 517 1334 Observ.
576 1291 809 1333 Individuis
840 1289 1068 1347 majoribus
1101 1297 1142 1332 et
1172 1291 1298 1346 magis
1320 1291 1450 1345 pictis
1478 1288 1612 1344 Clu-3-

209 1367 319 1409 aidis
357 1368 526 1421 ignitae
563 1367 684 1408 nimis
725 1365 863 1406 affinis
896 1371 937 1406 et
967 1364 1190 1413 simillima;
1243 1378 1352 1418 quae
1382 1362 1610 1404 similitudo

209 1441 318 1482 adeo
350 1440 474 1482 fallax
506 1445 586 1489 est,
625 1446 673 1481 ut
703 1439 844 1481 ambas
876 1440 1036 1494 species
1069 1445 1181 1479 certe
1212 1437 1490 1478 determinare
1521 1450 1612 1477 non

208 1517 358 1570 possis,
388 1516 469 1555 nisi
490 1512 642 1569 pedum
663 1515 908 1567 ventrisque
928 1514 1131 1567 picturam
1153 1518 1348 1552 accurate
1369 1511 1581 1564 respicias.

298 1587 469 1643 Corpus
505 1586 728 1628 robustum
762 1586 1001 1641 elongatum
1033 1584 1229 1626 obtusum
1261 1583 1502 1625 sublineare
1532 1581 1612 1623 lar-

209 1663 313 1717 giter
343 1661 491 1701 fusco-
523 1667 563 1701 et
594 1658 986 1714 cano-pubescens.
1049 1657 1190 1713 Caput
1231 1657 1452 1698 robustum
1484 1657 1612 1698 latum

208 1732 706 1788 rotundato-quadratum
739 1732 960 1773 confertim
990 1730 1495 1787 punctulato-coriaceum
1517 1745 1614 1786 cya-

208 1822 351 1856 neum3
382 1813 525 1848 vertex
547 1805 710 1860 amplus
734 1805 1174 1860 convexo-depressus
1196 1811 1615 1845 transverso-rectan-

208 1880 360 1936 gularis
400 1879 427 1920 l.
460 1878 657 1920 unicolor
696 1878 724 1919 l.
757 1877 809 1918 ad
849 1878 1060 1933 singulum
1101 1876 1303 1932 quodque
1333 1883 1504 1918 stemma
1532 1892 1616 1919 ma-

209 1954 303 1996 cula
334 1967 464 2009 parva
494 1958 566 1993 aut
596 1950 844 1992 viridissima
876 1959 946 1993 aut
968 1950 1254 2000 aureo—viridi,
1283 1953 1418 1992 rarius
1442 1951 1615 2003 (saltem

208 2029 252 2068 in
290 2028 446 2069 nostris
488 2024 825 2080 exemplaribus)
864 2026 943 2067 hae
982 2025 1171 2067 maculae
1202 2027 1258 2066 ita
1290 2024 1540 2080 ampliantur
1570 2034 1616 2068 ut

210 2131 345 2170 antice
377 2128 600 2170 efformant
621 2127 835 2168 fasciolam
858 2134 1132 2170 transversam
1154 2135 1258 2169 tunc
1290 2105 1391 2187 Q
1427 2130 1617 2171 triramo-

208 2235 315 2269 sam;
363 2222 516 2261 cavitas
557 2216 716 2258 facialis
757 2216 839 2258 lata
880 2218 1082 2273 quadrata
1113 2218 1378 2274 planiuscula
1411 2233 1490 2260 nec
1519 2234 1618 2275 pro-

208 2293 349 2346 funda,
387 2293 526 2335 medio
559 2289 846 2341 canaliculato,
889 2305 1072 2348 superne
1103 2300 1340 2335 transverse
1370 2294 1614 2347 marginata:

208 2380 391 2434 margine
421 2373 794 2429 acuto-inaequali
823 2381 895 2415 aut
915 2376 1197 2433 irregulariter
1215 2384 1455 2419 transverso
1491 2397 1590 2415 μή
1608 2411 1618 2429 ,

209 2469 280 2503 aut
309 2464 573 2503 uni-arcuato
600 2479 708 2515 χ-χ
744 2484 859 2517 Α
883 2501 894 2520 ,
952 2469 1022 2503 aut
1051 2461 1303 2503 bi-arcuato
1353 2469 1466 2501 NJ
1491 2494 1501 2511 ‚
1550 2476 1619 2503 su-

209 2546 402 2601 perficies
449 2548 579 2588 totius
627 2549 815 2589 cavitatis
865 2553 936 2588 aut
974 2546 1118 2588 viridis
1171 2554 1243 2588 aut
1281 2545 1617 2602 viridi-cyanem

214 2626 421 2661 antennae
453 2619 657 2663 robustae
687 2621 831 2663 fuscae
861 2619 954 2663 basi
984 2622 1250 2673 virescentes,
1281 2618 1322 2664 c?
1352 2619 1619 2675 longitudine
