1695 3241
373 309 554 366 Chry-553
587 310 686 351 Line.
749 310 968 352 Gar-aecer.
996 312 1174 353 nortnal.
1445 315 1470 355 5

69 425 625 477 transverso-submedialis,
657 429 799 482 stigma
833 434 874 469 et
904 441 1011 469 vena
1042 427 1221 478 radialis,
1245 453 1299 458 —-
1325 443 1470 470 omnes

69 501 322 552 distinctim,-
351 500 692 543 rudimentariae
722 509 817 544 sunt
841 516 948 543 vena
979 501 1174 543 cubitalis
1197 510 1237 544 et
1259 517 1365 544 vena
1389 502 1469 544 dis-

69 573 256 616 coidalis.
725 562 727 564 -

154 649 201 690 In
234 648 300 689 ala
325 650 499 704 postica
530 656 688 692 tantum
720 652 842 690 unica
883 648 1001 691 adest
1033 650 1184 692 cellula
1216 650 1304 691 scil.
1336 657 1471 692 costa-

67 722 117 764 lis
149 729 321 778 angusta
353 729 393 764 et
418 721 632 773 obsoleta;
662 738 797 765 venae
821 722 1007 779 ejusdem
1030 722 1121 764 alae
1143 732 1258 766 sunt:
1289 725 1468 773 costalis,

66 796 353 852 postcostalis‚
386 796 593 848 medialis,
635 797 765 838 analis
799 812 876 839 nec
907 812 996 838 non
1027 797 1188 839 setulae
1220 799 1376 855 rigidae
1407 814 1470 841 re*

67 885 219 913 curvae
250 873 434 927 regionis
466 871 756 927 stigmaticalis.

153 945 372 987 Abdomen
402 945 564 987 thoraci
593 945 826 988 adhaerens
860 946 884 988 l.
918 946 1041 988 ovale
1072 945 1098 987 l.
1132 953 1312 996 ovatum,
1345 945 1368 988 l.
1402 960 1468 987 ro-

66 1019 624 1074 tundato-subquadratum,
660 1020 686 1062 l.
718 1020 1180 1076 subhemisphaericum,
1211 1035 1337 1075 supra
1370 1033 1469 1061 con-

67 1109 234 1144 vexum3
256 1093 404 1135 subtus
426 1094 598 1150 planum
621 1102 661 1136 et
682 1096 965 1150 marginatum,
986 1102 1084 1150 post
1101 1102 1275 1135 mortem
1294 1100 1469 1148 propter

66 1171 226 1210 viscera
258 1174 470 1210 contracta
493 1174 533 1209 et
555 1170 756 1210 exsiccata
788 1183 1017 1210 concavum
1049 1176 1089 1209 et:
1113 1168 1466 1215 subsornicatum3

65 1245 107 1284 iu
140 1241 348 1298 Cleptidis
381 1249 422 1283 et
452 1257 576 1298 supra
609 1249 649 1284 et
680 1242 828 1284 subtus
865 1257 1118 1292 convexum3
1158 1248 1370 1297 segmenta
1403 1256 1468 1282 ca-

65 1316 278 1371 taphracta
318 1318 544 1371 conspicua
581 1318 752 1358 3-4-5:
792 1324 1047 1373 segmentum
1081 1315 1248 1358 dorsale
1278 1315 1467 1357 ultimum

65 1389 254 1445 plurimis
284 1392 467 1445 margine
499 1390 646 1445 apicali
678 1390 801 1432 valde
830 1392 1179 1432 caracteristicum
1201 1389 1288 1430 scil.
1310 1389 1465 1430 ibidem

64 1463 90 1504 l.
122 1465 429 1518 integerrimum
462 1463 489 1503 l.
520 1465 563 1503 in
603 1471 749 1504 centro
791 1467 972 1505 excisum
1016 1465 1040 1505 Ι.
1074 1463 1466 1519 emarginato-den-

63 1543 190 1578 tatum
221 1535 249 1578 l.
281 1543 483 1577 serratum
515 1544 588 1578 aut
618 1537 880 1578 serrulatum.

149 1611 425 1668 Dqfferentia
465 1625 606 1652 sexus:
645 1610 751 1652 *Mas
783 1610 1032 1666 plerumque
1064 1609 1237 1651 brevior
1268 1617 1309 1651 et
1340 1625 1465 1665 angu-

64 1687 185 1736 stior,
222 1699 305 1726 ano
337 1686 494 1726 mutico
526 1699 615 1726 non
647 1684 898 1734 tubuliser03
939 1691 1150 1740 segmenta
1183 1683 1465 1725 abdominalia

63 1761 234 1800 marium
269 1758 557 1814 Cleptidarum
589 1766 630 1800 et
661 1759 995 1815 Parnopidarum
1036 1760 1157 1800 etiam
1191 1758 1311 1814 plura
1343 1773 1464 1813 quam

63 1834 306 1874 feminarum
348 1833 574 1874 earundem
606 1833 865 1875 familiarum.
906 1858 962 1865 —
1004 1834 1188 1876 Femina
1218 1832 1465 1888 plerumque

63 1909 195 1964 major
234 1915 274 1949 et
312 1907 547 1959 robustior,
586 1910 719 1949 rarius
762 1910 923 1964 pictura
964 1908 1145 1957 diversa,
1188 1921 1270 1947 ano
1301 1908 1464 1947 munito

64 1981 212 2023 tubulo
252 1981 446 2036 stylifero
486 1981 688 2023 anuulato
729 1982 926 2023 retractili
968 1989 1009 2022 et
1041 1995 1175 2036 usque
1207 1979 1260 2020 ad
1290 1979 1317 2020 l.
1350 1979 1464 2020 dimi-

65 2055 171 2096 diam
204 2054 229 2095 l.
261 2062 391 2095 totam
423 2054 449 2095 l.
481 2053 588 2095 ultra
621 2057 812 2110 corporis
844 2054 1147 2111 longitudinem
1180 2053 1381 2095 extensili.

151 2127 387 2170 Habitalio.
448 2129 496 2170 ln
529 2128 719 2178 collibus,
752 2129 886 2180 fossis,
917 2131 1046 2170 muris
1076 2128 1266 2184 locisque
1297 2127 1463 2183 argillo-

64 2205 129 2253 sis,
161 2201 370 2244 sabulosis
403 2209 443 2243 et
474 2205 662 2244 arenosis
690 2217 769 2244 nec
800 2217 887 2245 non
919 2205 962 2244 in
992 2201 1234 2259 pa1·ietib11S‚
1265 2200 1463 2257 saepibus

63 2276 209 2333 ligneis
232 2283 272 2317 et
294 2278 541 2331 caespiticiis
563 2279 806 2332 truncisque
838 2276 1035 2318 arborum
1069 2283 1351 2318 emortuarum
1371 2289 1464 2316 ver-

63 2352 266 2392 misecatis
307 2350 388 2391 soli
429 2353 626 2406 expositis
666 2358 894 2392 occurrunt
931 2358 970 2392 et
1001 2350 1246 2392 nidulantur
1275 2351 1461 2403 Hymen-

62 2431 209 2479 optcra
243 2424 614 2480 Chrysidisormia3
656 2425 890 2481 plantarum
924 2426 1150 2480 praecipue
1180 2422 1463 2464 umbellifera-

62 2513 152 2540 rum
184 2498 310 2539 flores
343 2505 383 2539 et
417 2497 516 2539 solia
548 2501 589 2539 in
621 2498 771 2554 sylvis,
811 2498 914 2538 lucis
955 2505 994 2539 ct
1030 2496 1293 2548 nemoribus,
1332 2499 1460 2552 pratis

62 2573 216 2628 campis
249 2579 288 2613 et
320 2572 450 2613 hortis
484 2587 657 2627 quoque
680 2572 959 2627 frequentant.
1012 2570 1214 2612 Adtactae
1234 2570 1303 2612 vel
1333 2578 1460 2612 terre-

65 2645 195 2688 sactac
234 2660 387 2702 corpus
431 2648 472 2687 in
515 2646 732 2702 globulum
775 2647 827 2687 ita
869 2644 1152 2695 convolvunt,
1193 2651 1232 2686 at
1264 2652 1388 2701 caput
1420 2652 1459 2685 et
