1695 3277
231 320 260 345 x
811 305 1058 361 Praefatio.

328 419 416 468 Iam
458 438 571 467 anno
608 420 734 467 1846
775 423 842 467 vir
876 422 1142 470 clarissimus
1176 424 1290 471 liber
1322 422 1439 472 Baro
1473 426 1625 474 Mami-

228 497 442 543 milianus
465 495 674 558 Spinola,
707 496 869 542 nobilis
895 495 1154 555 Genuensis,
1186 498 1497 548 humanissime
1521 502 1625 549 mihi

227 573 448 635 permisit,
495 578 544 616 ut
585 570 975 635 locupletissimam
1017 591 1140 619 suam
1174 573 1489 640 Chrysidarum
1532 577 1624 623 col-

227 648 465 694 lectionem
508 663 684 693 mecum
728 656 994 712 asportatam
1037 666 1181 714 usque
1221 650 1277 697 ad
1320 669 1433 715 opus
1473 669 1620 699 meum

229 721 497 785 completum
533 721 649 785 apud
683 740 755 770 me
790 741 1026 771 servarem.

328 805 496 853 Eadem
538 807 798 856 liberalitate
840 812 906 858 vir
948 811 1215 857 clarissimus
1257 811 1291 857 I.
1332 811 1401 860 W.
1438 811 1619 858 Zener-

223 882 363 941 stedt,
406 881 636 944 professor
668 881 937 943 Lundensis,
980 886 1314 950 lapponicorum
1348 888 1618 934 insectorum

223 956 559 1008 collectionibus
600 960 691 1006 suis
724 967 773 1006 ut
804 969 955 1008 uterer
988 962 1093 1008 mihi
1127 963 1369 1019 concessit,
1410 970 1618 1025 paterno-

223 1047 310 1094 que
344 1050 425 1078 suo
460 1034 645 1080 consilio
680 1035 824 1082 studia
855 1054 955 1083 mea
986 1038 1221 1101 promovit.

316 1116 398 1165 His
438 1120 677 1167 instructus
711 1122 880 1168 auxiliis
912 1123 1092 1169 ineunte
1126 1139 1239 1167 anno
1275 1122 1403 1168 1848
1437 1119 1617 1186 Chrysi-

220 1191 374 1240 darum
407 1196 770 1260 monographiam
803 1197 1002 1244 scribere
1035 1198 1233 1261 incoepi,
1276 1214 1365 1261 quo
1398 1197 1443 1242 in
1478 1213 1617 1259 opere

217 1268 505 1331 perficiendo,
547 1272 602 1318 ab
639 1271 770 1319 officii
803 1274 891 1319 mei
925 1274 1042 1320 curis
1077 1272 1295 1328 detentus,
1336 1273 1489 1334 paucis
1523 1280 1616 1317 tan-

218 1349 309 1389 tum
342 1343 463 1391 horis
497 1347 746 1394 subsecivis
779 1348 998 1405 adhibitis,
1033 1348 1258 1394 biennium
1293 1347 1559 1410 consumpsi.

311 1438 413 1487 Hoc
448 1442 570 1506 quod
602 1460 719 1489 nunc
752 1442 902 1507 prodit
937 1442 1135 1489 secundo
1169 1440 1392 1487 volumine
1423 1442 1612 1489 eundem

216 1533 346 1579 quam
380 1519 423 1563 in
457 1518 607 1580 priore
642 1518 856 1574 ordinem,
890 1535 914 1563 a
939 1517 1164 1580 plerisque
1190 1515 1484 1579 entomologis
1507 1534 1614 1580 pro-

216 1591 388 1647 batum,
429 1600 608 1638 secutus
643 1609 752 1638 sum.
823 1591 944 1643 Quae
979 1591 1084 1637 mihi
1117 1593 1401 1638 innotuerunt
1435 1591 1612 1656 Chrysi-

214 1665 366 1712 darum
410 1667 508 1713 213
550 1669 747 1731 species,
794 1685 870 1715 eas
913 1668 974 1714 12
1006 1667 1247 1731 generibus
1291 1674 1335 1713 et
1376 1668 1406 1713 6
1440 1667 1611 1724 familiis

214 1740 441 1789 distinctas
476 1741 704 1808 descripsi.

311 1831 503 1882 Quarum
527 1834 782 1881 familiarum
807 1836 931 1898 signa
957 1834 1230 1897 diagnostica
1254 1833 1347 1881 fere
1361 1833 1473 1880 haec
1488 1843 1606 1881 sunt:

212 1908 412 1955 maxillae
444 1908 690 1968 inferiores,
722 1911 886 1958 labium
919 1909 1100 1957 inferius
1136 1917 1181 1956 et
1213 1909 1374 1972 lingua,
1409 1918 1482 1955 aut
1508 1910 1607 1956 bre-

210 1984 333 2029 viora
379 1991 424 2030 et
462 1985 605 2030 minus
646 1987 953 2049 procurrentia
993 1993 1068 2032 aut
1109 1985 1313 2048 elongata
1358 1993 1402 2031 et
1442 1986 1607 2048 promi-

209 2059 377 2114 nentia;
428 2067 585 2106 venter
627 2077 854 2108 convexus
895 2068 969 2107 aut
1003 2077 1244 2117 concavus3
1287 2077 1441 2123 margo
1475 2060 1609 2106 analis

211 2134 285 2197 qui
326 2134 371 2179 in
411 2133 564 2181 ultimo
607 2136 854 2182 abdominis
889 2143 1122 2198 segmento
1158 2135 1343 2181 dorsalis
1376 2137 1608 2199 reperitur,

208 2215 284 2254 aut
324 2207 528 2256 dentatus
570 2218 643 2257 aut
684 2229 772 2256 non
815 2211 1018 2258 dentatus
1060 2219 1135 2257 aut
1175 2217 1387 2266 serratus;
1441 2211 1607 2274 pedum

207 2285 471 2348 unguiculae
503 2286 661 2350 planae
695 2293 769 2333 aut
803 2285 1005 2332 dentatae
1029 2291 1104 2330 aut
1131 2291 1337 2331 seri-atae.

303 2374 378 2422 Ad
411 2394 671 2440 generum
707 2377 986 2424 characteres
1020 2375 1308 2423 stabiliendos
1330 2377 1502 2422 nonnisi
1525 2378 1605 2422 im-

207 2453 440 2500 mutabiles
474 2461 518 2500 et
541 2455 647 2500 satis
668 2451 873 2517 patentes
897 2455 1098 2516 corporis
1120 2460 1282 2515 partes,
1317 2454 1360 2498 in
1387 2454 1604 2515 specie-

208 2528 308 2574 bus
343 2528 602 2576 definiendis
636 2529 905 2592 sculpturam
939 2536 984 2575 et
1006 2536 1266 2574 armaturam
1289 2527 1480 2574 adhibui.
1518 2527 1604 2574 Co-

207 2603 326 2650 lores
359 2621 670 2670 nonnunquam
707 2605 976 2662 constantes,
1009 2604 1272 2668 plerumque
1297 2612 1443 2651 autem
1466 2605 1602 2651 varia·-

209 2678 320 2725 biles
354 2680 512 2728 inveni.

1680 2594 1695 2899 l
