1695 3241
227 278 314 320 358
545 273 590 314 F
589 272 703 314 amil.
727 271 1029 328 Chrysidiclae.
1062 273 1101 312 9.
1127 270 1323 313 Slilbam.

227 393 385 448 gustior
417 396 456 430 et
487 387 633 439 lenior,
666 394 861 429 externae
893 386 1000 429 duae
1032 387 1202 429 latiores
1236 396 1275 429 et
1306 388 1499 429 nonnihil
1531 403 1627 444 pro-

228 463 456 506 fundiores.
518 463 681 504 Venter
711 468 783 502 aut
814 461 1102 517 planiusculus
1135 468 1205 503 aut
1238 461 1480 503 fornicatus.

312 537 484 593 Species
516 542 676 577 tantum
707 537 734 578 3
767 537 1074 591 cognoscimus,
1115 535 1202 577 scil.
1226 535 1411 578 Stilbum
1440 537 1627 592 splendi-

226 613 326 653 dum
365 610 508 662 Fabr„
565 610 690 653 Stilb.
730 610 967 651 Wesmae'li
1004 608 1126 660 noh.‚
1174 616 1215 652 et
1255 610 1439 652 Stilbum
1484 610 1628 652 calens

227 684 351 727 Fabr.

460 892 548 931 199.
604 890 808 930 Stilbum
836 884 1138 942 splendidum
1166 889 1277 929 Fabr.
1306 888 1396 935 0⁷⁸9.

313 972 531 1029 Magnam
563 980 637 1015 aut
667 975 899 1014 mamimam
930 974 1062 1014 3—5
1083 974 1158 1014 lin.
1191 973 1383 1014 clecimal.
1415 972 1532 1026 long.
1559 973 1627 1027 pi-

227 1053 351 1089 ctum
380 1047 506 1089 valde
535 1049 714 1089 varians
747 1054 821 1088 aut
855 1047 1105 1100 violaceum7
1137 1055 1211 1088 aul
1241 1048 1627 1103 viridi-cyaneam,

227 1128 302 1163 aut
340 1122 728 1172 viridi-auratum,
774 1122 933 1163 ver-tice
970 1121 1226 1177 thoraeeqae
1249 1122 1502 1177 plerumque
1532 1137 1628 1178 cya-

227 1195 662 1237 uescenti-viridibus
692 1198 840 1237 rarius
871 1198 1039 1247 aureis,
1081 1196 1254 1237 (lov-salo
1287 1193 1495 1251 (praeter
1521 1211 1628 1250 pun-

227 1277 374 1311 cturas
415 1269 618 1311 laterales
658 1277 698 1312 et
731 1269 957 1326 apicales)
991 1278 1065 1311 aut,
1095 1270 1436 1325 sabimpanclalo
1468 1277 1541 1311 ant
1571 1270 1627 1311 le-

227 1345 400 1385 vissime
430 1349 471 1385 et
493 1345 755 1398 parcissime
778 1344 1033 1399 panc-tulate
1063 1344 1275 1400 subpolito
1306 1344 1460 1396 nitido,
1500 1351 1627 1385 mela-

227 1419 320 1460 noti
348 1432 550 1459 mucrone
581 1419 703 1472 apice
731 1419 1022 1472 integerrimo.

265 1506 351 1533 var.
373 1508 412 1533 a.
445 1490 615 1547 Corpus
648 1491 894 1533 violaceum.

323 1581 475 1616 Stilbum
505 1580 726 1624 splendidam
757 1581 883 1614 Museis
908 1582 991 1614 DD.
1014 1581 1199 1623 mesen,
1234 1581 1385 1625 Spinola
1416 1590 1447 1613 et
1477 1581 1626 1614 {Vester-

431 1649 549 1672 mann.

491 1707 528 1747 E
560 1705 750 1762 Senegal,
780 1708 888 1747 Java
921 1713 962 1747 et
992 1705 1205 1761 Bengalia.

262 1794 346 1822 var.
371 1780 405 1820 b.
437 1779 623 1820 Dorsum
645 1779 828 1820 thoracis
849 1778 1170 1832 abdominisque
1190 1785 1497 1833 segmentorum
1523 1781 1627 1819 lzmi

428 1858 469 1893 et
490 1853 517 1893 2
532 1850 594 1892 :di
614 1858 687 1893 aut
707 1851 841 1893 viride
865 1858 935 1893 aut
957 1850 1289 1908 cyaneo-viride
1311 1850 1337 1891 l.
1353 1853 1444 1892 vice
1466 1866 1597 1893 versa.

324 1941 469 1988 Chrysis
493 1942 677 1986 splendida
703 1942 802 1975 Fabr.
827 1943 905 1976 Ent.
931 1942 1016 1989 Syst.
1042 1942 1075 1977 2.
1101 1940 1226 1980 238ῑ1,
1256 1951 1289 1974 et
1320 1941 1406 1974 Piez.
1433 1941 1543 1975 17οῑ1
1575 1955 1626 1975 se·-

436 2000 584 2032 cundum
608 2000 787 2045 specimina
811 1999 918 2047 typica
940 1999 976 2032 in
992 1999 1118 2032 RIuseis
1134 1998 1312 2032 Havniensi
1337 2008 1368 2031 et
1384 1998 1516 2031 Kiliensi
1539 2011 1626 2032 anno

428 2055 518 2089 1847
545 2070 563 2089 a
587 2069 641 2089 me
666 2057 857 2090 examinata.

322 2113 475 2147 Stilbum
504 2114 619 2147 calens
650 2113 777 2158 Spinol.
803 2128 869 2147 var.

323 2169 474 2204 Stilbum
499 2176 699 2204 connectens
725 2170 851 2215 Spinol.
954 2142 1033 2174 Mus
1072 2142 1248 2186 Spi¹¹⁰lae'

496 2231 531 2272 E
554 2230 695 2273 Gallia
726 2231 1001 2282 meridionali,
1034 2233 1247 2287 Hispania,
1278 2232 1406 2283 Italia,
1439 2232 1625 2283 Graecia,

554 2305 701 2346 insulis
733 2307 855 2347 maris
886 2306 1199 2356 mediterranei,
1238 2306 1380 2347 Africa
1411 2306 1625 2362 Indiisque

553 2385 594 2420 et
625 2378 876 2420 occidentali
908 2386 949 2420 et
980 2380 1176 2421 orientali
1205 2379 1330 2421 nobis
1362 2382 1496 2421 missa.

262 2465 347 2492 var.
370 2467 404 2493 c.
439 2451 608 2494 Thorax
640 2459 712 2494 aut
742 2451 1015 2494 viridissimas
1047 2460 1120 2494 aut
1149 2453 1514 2509 viridi-cyaneus3
1556 2452 1627 2494 ab-

426 2523 606 2567 dominis
627 2532 838 2583 segmenta
859 2525 1041 2568 dorsalia
1061 2528 1083 2568 l
1097 2541 1224 2568 :mum
1247 2533 1288 2569 et
1304 2527 1456 2569 22dum
1478 2541 1626 2569 aureo-

426 2597 586 2641 viridia.
