1695 3241
475 294 513 335 7.
580 292 786 350 Chrysis.-
817 293 1022 337 Phalanx
1052 294 1088 335 Ι.
1399 295 1478 336 147

73 415 285 466 punctam
313 409 656 465 viridi-cyanea5
677 416 880 464 pronote,
901 416 1133 462 mesonoto,
1156 409 1483 467 abdominieque

80 484 211 526 dorso
229 485 389 535 aureis,
403 483 483 524 hoc
503 482 732 538 confertim
743 483 998 538 punc-tulate
1015 484 1042 525 l.
1060 484 1200 526 nitido
1220 484 1248 525 l.
1260 485 1482 527 eor-iaceo-

80 557 318 613 εηόοραοο,
357 563 578 612 segmento
618 557 741 599 3etto
771 556 896 612 infra
925 557 1092 599 discum
1129 558 1483 600 transversaliter

80 632 388 674 obsoletissime
416 632 617 672 immerso
646 637 688 673 et
715 638 802 673 tum
834 638 934 672 ante
963 632 1117 673 seriem
1146 631 1365 674 lenissime
1395 633 1482 675 cal-

80 706 194 758 lose,
225 708 338 748 serie
368 705 665 760 ante-apicati
695 705 720 746 l.
752 704 950 759 regulari
979 705 1005 746 l.
1027 705 1268 760 irregulari
1284 706 1483 761 soveolis

73 781 228 836 parvis
257 780 499 821 numerosis
529 786 605 822 aut
634 779 852 821 distinctis
882 785 958 820 aut
978 779 1304 836 confluentibus,
1335 787 1483 823 ventre

80 855 106 896 l.
129 852 618 908 concaviusculo-plano
650 853 677 894 l.
701 853 868 894 modice
883 852 1118 908 fornicato
1149 856 1280 909 igneo
1310 855 1483 896 nitidis-

79 931 188 970 simo
208 927 610 983 nigro-maculat05
641 926 726 969 alis
750 926 1032 984 subhyalini3‚
1065 929 1185 970 venis
1199 928 1369 984 susak,
1399 929 1482 971 cel-

79 1002 158 1045 Iuli
186 1003 352 1044 radioli
381 1001 605 1057 completa,
631 1002 911 1057 postseutello
942 1003 1099 1044 mutico
1130 1017 1333 1046 convexo.

127 1100 336 1144 Spintharis
361 1100 506 1134 dichroa
532 1099 620 1142 Klug
644 1099 732 1133 blus.
760 1099 907 1133 Rerolin.

129 1157 276 1203 Chrysis
300 1157 492 1201 coerulipes
517 1170 581 1189 var.
608 1156 923 1201 coeruleo-cephala
949 1156 1038 1189 Mus.
1064 1155 1234 1200 Spinolae.

128 1213 274 1260 Chrysis
297 1215 429 1248 bicolor
453 1214 591 1256 Megerl.
617 1214 706 1247 Mus.
732 1213 852 1247 Vienn.
879 1221 956 1246 teste
981 1212 1106 1246 Kollar.

167 1297 352 1340 Habitat
379 1299 423 1339 in
453 1298 620 1339 Austria
650 1297 705 1338 D.
738 1297 793 1338 D.
824 1295 964 1351 Klag,
1003 1295 1178 1349 Kolllzr,
1214 1297 1411 1353 Parreys
1441 1304 1483 1338 et

81 1371 291 1428 Spinola3
330 1373 374 1412 in
404 1371 523 1412 Italia
556 1370 609 1412 ad
639 1370 782 1420 Buda,
821 1371 876 1412 D.
908 1370 1078 1422 Zeller3
1118 1372 1161 1412 in
1192 1371 1291 1412 Asia
1329 1372 1485 1412 minori

81 1444 134 1487 ad
164 1445 378 1501 Ephesum
408 1459 551 1486 meuse
585 1443 716 1500 Aprili
750 1444 875 1494 18:12,
907 1444 963 1486 D.
985 1443 1132 1486 Loew.

169 1517 391 1560 Observ.
437 1518 663 1574 Sculptura
696 1524 736 1559 et
766 1519 930 1573 pictura
961 1519 1133 1559 maxime
1155 1516 1295 1559 affinis
1317 1515 1483 1558 duabus

81 1593 270 1648 proxime
299 1591 652 1648 praecedentibus
678 1591 803 1644 (Chr.
832 1590 1078 1648 cyllenhalz·
1098 1597 1139 1632 et
1161 1590 1264 1632 clar.
1286 1592 1484 1643 sociae),-

82 1673 123 1708 at
161 1672 273 1708 certe
311 1665 580 1722 distinguitur
618 1680 801 1722 corpore
838 1667 987 1721 majori
1019 1671 1060 1706 et
1089 1663 1342 1714 robustiori,
1378 1679 1486 1720 pun-

0 1784 9 1788 *
81 1747 196 1782 ctura
227 1740 440 1781 thoracica
470 1742 674 1791 crassiori,
707 1739 944 1781 abdominis
975 1745 1192 1795 segmento
1225 1739 1345 1780 32tio
1375 1737 1485 1780 infra

81 1813 239 1855 discum
280 1813 588 1856 obsoletissime
626 1816 820 1856 immerso
859 1819 901 1855 et
939 1820 1027 1854 tum
1067 1827 1163 1854 mox
1202 1819 1299 1853 ante
1334 1814 1484 1853 seriem

81 1886 281 1943 apicalem
319 1885 528 1928 lenissime
569 1887 743 1930 calloso.
803 1889 939 1929 Etiam
977 1886 1186 1943 Chrysidi
1220 1885 1485 1939 coerulipedi

81 1961 206 2003 valde
235 1959 396 2011 similis,
435 1960 510 2002 sed
541 1962 677 2016 capite
708 1959 910 2002 coeruleo
944 1967 984 2001 et
1015 1957 1293 2015 postscutello
1324 1960 1483 2000 mutico

82 2047 274 2075 convexo
307 2040 420 2075 certe
450 2032 720 2089 dignoscitur.

171 2107 314 2163 Caput
344 2107 556 2149 mediocre
586 2106 1116 2162 rotundato-triangulare,
1146 2111 1335 2160 pronote
1366 2104 1485 2159 paul-

81 2181 212 2222 lulum
242 2181 385 2232 lafius,
425 2181 644 2222 confertim
676 2180 842 2222 modice
873 2186 1118 2236 punctatum
1151 2177 1484 2233 subrugulosum

79 2255 323 2296 coeruleum
355 2261 426 2296 aut
456 2269 664 2310 cyaneum
695 2269 841 2310 parum
875 2252 1054 2295 nitidum
1091 2251 1376 2307 subopacum‚
1417 2264 1484 2292 or-

78 2327 164 2370 bita
194 2327 329 2370 viridi.
390 2329 550 2370 Vertex
589 2327 1058 2383 convexo-depressus.
1123 2325 1292 2368 Cavitas
1323 2323 1482 2365 facialis

77 2402 300 2444 mediocris
340 2401 610 2444 subtilissime
650 2416 794 2457 sparse
830 2399 1097 2456 punctulata,
1138 2397 1369 2439 canalicula
1399 2411 1485 2440 me-

78 2475 201 2518 diana
231 2475 377 2518 subtili
407 2475 597 2531 abrupta.
659 2476 882 2517 Antennae
917 2473 1068 2515 breves
1100 2472 1302 2515 robustae
1333 2473 1484 2528 nigro-

78 2550 219 2592 fuscae
249 2564 356 2592 cano
389 2557 430 2592 et
462 2548 875 2604 fusco-puberulae,
906 2561 1035 2603 scapo
1068 2546 1177 2588 infra
1209 2559 1388 2601 cyaneo,
1419 2559 1483 2587 se-

78 2623 306 2679 quentibus
337 2623 508 2666 duobus
540 2622 724 2665 articulis
756 2637 882 2680 supra
913 2619 1231 2664 virescentibus.
1285 2619 1480 2674 Clypeus

1122 2693 1214 2734 lo*
