1695 3241
600 280 640 320 4.
700 279 923 335 Elampus.
1404 282 1462 324 39

63 407 250 451 pressae,
291 401 407 435 extus
449 402 886 447 convexo-arcuatae,
927 399 1037 437 intus
1077 411 1098 437 a
1138 395 1277 438 medio
1312 411 1459 439 versus

65 470 223 524 apicem
258 482 394 517 cavae,
427 470 546 523 apice
577 468 843 510 tridentatae:
876 469 1002 511 dente
1033 470 1182 526 apicali
1203 473 1371 527 majore,
1400 475 1460 513 in-

60 541 288 584 terioribus
319 540 615 597 marginalibus
647 542 845 598 gradatim
878 544 1122 585 minoribus.

149 615 343 671 Clypeus
375 615 597 657 mediocris
632 623 893 657 transversus
933 617 1303 669 subsemilunatus‚
1340 618 1458 661 disco

63 689 409 732 convexiusculus
439 692 636 744 utrinque
669 690 1265 747 concaviusculo-depressus.

149 766 370 806 Antennae
401 771 562 814 tenues,
593 763 857 820 longitudine
889 764 1134 806 mediocres.

145 837 469 879 Postscutellum
502 837 528 879 l.
552 840 745 879 conicum
777 838 803 880 l.
834 852 1039 894 processu
1068 839 1376 881 mucronoideo
1396 853 1458 880 ar·

58 919 226 953 matum.

143 986 248 1028 Alae
280 993 320 1027 et
351 985 481 1042 pedes
514 986 602 1028 fere
633 993 678 1027 ut
709 989 752 1027 in
788 986 953 1028 Omalo.

143 1060 370 1102 Abdomen
394 1063 614 1116 segmentis
637 1061 910 1116 cataphractis
932 1062 1172 1116 conspicuis
1191 1061 1239 1101 3:
1269 1073 1456 1116 segmen-

54 1141 141 1175 tum
173 1135 314 1175 3:tium
347 1133 400 1174 ad
432 1141 619 1175 centrum
660 1136 854 1189 marginis
885 1133 1055 1189 apicalis
1091 1132 1234 1175 subito
1272 1139 1456 1174 coarcta—

53 1215 140 1249 tum
166 1214 206 1248 et
226 1206 380 1249 ibidem
404 1222 551 1249 revere
574 1209 1121 1263 truncato-emarginatum:
1153 1208 1454 1262 emarginatura

55 1282 81 1323 l.
112 1281 245 1323 libera
284 1281 310 1322 l.
348 1288 469 1322 aucta
510 1288 551 1323 et
590 1283 737 1337 partim
778 1281 938 1337 repleta
981 1283 1163 1337 margine
1205 1282 1453 1322 continuato

56 1355 257 1411 depresso
290 1355 460 1411 planum
494 1355 703 1411 singulare
737 1355 932 1396 verticale
953 1355 1222 1404 efformante3
1253 1356 1455 1410 segmenti

53 1431 139 1471 32tii
170 1443 312 1485 margo
344 1429 527 1470 lateralis
558 1431 757 1484 utrinque
788 1436 885 1471 ante
907 1432 1250 1485 emarginaturam
1272 1434 1343 1468 aut
1363 1429 1455 1469 uni-

54 1510 126 1546 aut
154 1502 402 1544 bisinuatus.

141 1578 313 1633 Species
345 1576 509 1633 Elampi
541 1576 721 1619 Generis
753 1578 780 1618 9
813 1577 1124 1632 cognoscimus:
1155 1575 1184 1616 8
1206 1574 1453 1630 Europaeas

55 1658 95 1692 et
129 1653 145 1692 l
183 1651 481 1693 Americanam.

83 1799 191 1841 Sect.
231 1801 259 1841 Ι.
321 1799 534 1855 Segmenti
575 1798 858 1840 abdominalis
900 1796 1078 1839 dorsalis
1109 1797 1196 1838 3ztii
1226 1797 1452 1849 emargina-

319 1880 413 1913 tura
443 1873 595 1924 libera,
635 1879 747 1913 caret
779 1874 953 1914 omnino
984 1870 1094 1925 plica
1124 1868 1196 1909 illa
1227 1867 1451 1923 marginali,

321 1960 430 1999 quae
462 1946 575 2001 apud
597 1946 770 2001 Species
796 1946 1004 1986 Sectionis
1036 1942 1167 1984 IIzdae
1198 1949 1281 1983 tam
1312 1944 1451 1998 singu-

320 2018 416 2060 laris
448 2026 489 2060 et
521 2021 821 2061 caracteristica
854 2017 1041 2059 obvenit.

314 2150 375 2187 15.
421 2149 645 2201 Elampus
673 2149 950 2188 bidentulus
995 2147 1188 2187 Pelletier.

139 2240 391 2296 Subparvus
409 2242 432 2283 1
444 2242 558 2296 —1-12-
578 2242 652 2283 lin.
673 2241 868 2283 decimal.
883 2241 998 2295 long.
1018 2239 1357 2296 viridi-cyaneus
1379 2237 1450 2279 ab·

52 2315 221 2357 domine
240 2316 593 2358 viridi-aurato.-
622 2317 833 2369 aegmenti
858 2316 957 2357 3ιίἰί
975 2316 1175 2368 margine
1195 2319 1295 2354 ante
1314 2327 1449 2354 emar-

48 2391 301 2445 ginaturam
331 2392 532 2446 utrinque
561 2389 790 2439 bisinuato,
818 2388 1094 2443 poetscatello
1124 2393 1387 2429 mucronato.

52 2479 136 2506 var.
169 2481 208 2506 α.
272 2463 494 2505 Abdomen
524 2462 896 2504 rubro-auratum.

51 2553 134 2580 var.
167 2539 202 2580 b.
265 2537 488 2579 Abdomen
519 2535 651 2578 viride
682 2543 753 2577 aut
784 2534 1181 2577 viridi-aenescens.

99 2623 320 2669 Hedychrum
344 2620 559 2658 bidentulum
586 2621 737 2655 Pelletier
762 2621 894 2668 Encycl.
921 2621 1070 2655 Method.
