1695 3241
206 257 264 297 90
708 254 747 293 6.
809 250 1097 309 Hedyehrum.

442 370 505 407 51.
558 366 864 419 Hedychrum
891 367 1176 406 femoratum
1202 366 1360 421 Megerl.

291 445 484 485 Parvum
515 444 562 498 Ιὲ
581 443 654 485 lin.
681 442 874 485 decimat.
898 444 1015 498 long.
1046 446 1204 486 vertice
1226 450 1416 499 Ρνοηοίο
1446 451 1487 486 et
1516 459 1601 487 me-

205 524 354 560 annoto
377 516 762 569 aureo-viridibus,
785 516 1011 560 abdomine
1031 533 1157 560 roseo
1166 518 1447 573 -serrugineo
1468 518 1599 560 dorso

204 590 432 646 confertim
462 590 676 633 subtiliter
698 592 978 647 Ραηοιαῑαῐο,
1017 593 1251 648 segmentis
1281 591 1408 634 limbo
1440 592 1611 648 apicalt‘·

203 681 258 707 ex
287 666 588 708 aureo-viridi
619 666 883 722 splendidis,
917 666 1100 723 pedibus
1137 665 1476 722 ruso-testaceis
1506 665 1603 708 lum·

202 739 354 781 viridi-
384 747 424 781 et
453 741 782 795 nigro-aeneis,
813 741 898 782 alis
926 741 1103 783 sordide
1131 739 1334 798 hyalinis.

247 821 474 867 Hedychrum
490 822 712 870 femoratam
736 823 872 866 Megerl.
898 823 987 857 Mus.
1012 823 1132 857 Vienn.
1156 833 1234 857 teste
1259 821 1401 857 Kollizr.

290 890 473 933 Habitat
503 893 546 931 in
572 892 757 939 Austria3
787 893 998 946 specimen
1028 894 1195 933 unicum
1227 891 1281 932 ad
1306 892 1515 931 Viennam
1545 888 1600 930 ab

204 963 355 1004 Illustr.
388 963 586 1019 Megerle
607 979 688 1005 von
710 964 933 1020 Miihlfeld
960 965 1059 1007 olim
1087 964 1308 1014 detectum,
1340 965 1469 1004 amice
1491 977 1602 1005 com-

204 1040 429 1079 municavit
461 1037 553 1080 Cel.
584 1037 756 1079 Kollar.

291 1109 510 1152 observ.
572 1112 733 1152 Locum
773 1113 1086 1167 systematicum
1124 1109 1277 1151 habeat
1309 1109 1413 1150 haec
1442 1110 1604 1164 species

208 1186 409 1240 optimum
438 1187 548 1227 inter
576 1185 854 1242 Hedychrum
882 1187 1125 1228 coriaceam
1159 1191 1199 1225 et
1230 1182 1505 1240 Hedychrum
1534 1197 1605 1224 ro-

204 1273 343 1311 seum,
374 1261 542 1314 utrique
573 1259 711 1300 affinis
744 1266 785 1300 et
814 1259 868 1301 ab
899 1265 1082 1315 utroque
1113 1257 1317 1299 diversus.
1373 1257 1531 1298 Vertex
1563 1263 1604 1298 et

203 1332 384 1373 thoracis
423 1332 594 1374 dorsum
634 1333 938 1374 confertissime
977 1331 1468 1389 punctulato-coriacea
1507 1328 1606 1370 sub-

206 1406 430 1461 granulosa
462 1421 595 1462 opaca
627 1406 952 1448 aureo-viridia.
1012 1407 1162 1456 Frons,
1192 1405 1319 1446 facies
1351 1411 1392 1445 et
1423 1403 1602 1459 clypeus

205 1486 387 1520 saturate
419 1494 580 1535 cyanea
610 1479 637 1520 l.
669 1479 878 1529 violacea,
918 1481 974 1520 ita
1005 1486 1052 1520 ut
1082 1481 1125 1519 in
1155 1477 1373 1534 Hedychr.
1404 1478 1603 1518 cor-iaceo

206 1558 466 1601 constructa3
505 1551 790 1603 mandibulae,
830 1559 1037 1593 antennae
1069 1558 1110 1592 et
1139 1552 1281 1607 trophi
1320 1553 1442 1592 etiam
1477 1551 1602 1606 hujus

205 1627 373 1681 speciei.
435 1626 669 1667 Pronotum
701 1628 836 1667 antice
867 1624 1195 1667 concaviusculo
1227 1632 1482 1675 truncatum,
1520 1623 1605 1665 sul-

207 1698 303 1740 culo
334 1698 528 1740 mediano
561 1698 857 1755 longitudinali
887 1699 1089 1755 abrupto,
1125 1701 1325 1754 utrinque
1356 1697 1408 1739 ad
1441 1697 1603 1739 sulcum

204 1771 364 1813 lineola
402 1779 638 1813 transversa
674 1773 835 1814 elevata
866 1771 1090 1814 subtiliori.
1150 1771 1475 1814 Postscutellum
1508 1786 1606 1827 cya-

205 1860 331 1887 neum
364 1852 404 1886 et
434 1845 727 1900 mesopleurae
758 1846 885 1888 lobus
913 1861 1067 1901 parvus
1089 1848 1510 1901 punctam-tenuiter
1541 1860 1606 1887 re-

205 1919 385 1960 ticulata.
454 1918 718 1960 Metathorax
756 1925 798 1960 et
834 1926 984 1975 pectus
1023 1918 1360 1974 viridi-cyanea
1401 1922 1604 1961 coriacea.

207 1992 311 2033 Alae
342 1991 596 2033 subsordide
626 1992 841 2048 hyahnae,
872 1995 991 2034 venis
1023 1992 1150 2034 fuscis
1178 1992 1507 2049 subgracilibus,
1538 2007 1608 2034 ve-

207 2065 307 2106 nula
338 2066 781 2107 transverso-median
810 2066 1025 2121 profunde
1056 2067 1424 2117 arcuato-inflexa,
1456 2066 1606 2122 tegulis

208 2138 421 2180 hrunneis.
481 2140 645 2180 Venter
676 2140 801 2181 rufo·
831 2138 857 2180 l.
890 2146 1258 2181 roseo-testaceus
1289 2140 1575 2195 politissimus.

426 2256 474 2296 E.
536 2257 704 2306 Vertex,
726 2262 956 2311 pronotum
978 2261 1019 2296 et
1038 2263 1304 2298 mesonotum
1327 2255 1459 2311 polita
1481 2270 1605 2311 parce

530 2336 742 2384 punctata.

475 2424 537 2462 52.
600 2424 905 2476 Hedychrum
947 2425 1181 2464 fervidum
1228 2425 1338 2470 Fabr,

296 2508 520 2550 ,Mediocre
550 2510 578 2550 2
608 2509 682 2550 lin.
705 2509 898 2551 decimal.
921 2509 1037 2564 long.
1064 2509 1282 2552 robustum
1304 2509 1489 2566 politum
1520 2524 1606 2550 mo-

210 2581 304 2622 dice
328 2588 582 2637 punctatum
612 2583 638 2624 l.
668 2582 827 2625 rubro·
865 2584 890 2625 l.
921 2583 1290 2626 viridi-auratum
1318 2582 1607 2626 metathorace
