1695 3241
200 269 281 311 134
593 269 630 309 7.
696 265 904 323 Chrysis.-
934 266 1139 309 Phalanx
1170 269 1207 308 Ι.

249 385 394 430 Chrysis
420 383 605 417 austriaca
630 384 746 416 lem.
772 384 867 417 Mon.
887 383 964 418 Chr.
996 384 1045 419 14.
1073 385 1128 425 12,
1151 384 1308 419 Excercit.
1336 385 1435 432 Hym.
1458 385 1514 420 31.
1543 386 1597 420 15.

316 451 347 474 et
371 440 505 486 Dispos.
532 440 563 474 7.
591 440 623 481 7,
645 440 781 474 exclusis
805 441 995 488 synonymis
1021 441 1174 475 Fabricii.

286 531 470 574 Habitat
507 535 551 574 in
588 533 694 575 locis
731 532 936 589 argillosis
968 533 1021 574 ab
1052 533 1169 575 Italia
1201 535 1374 575 maxime
1404 533 1598 577 meridio-

199 606 284 648 nali
313 620 451 662 usque
480 609 524 648 in
554 608 755 649 Fenniam
786 607 1102 649 meridionalem
1124 610 1257 649 Junio
1284 633 1335 640 —
1359 607 1480 649 Julio
1506 622 1600 664 pas-

199 682 287 721 sim.
340 681 540 723 Tauriae:
570 682 625 724 D.
649 683 846 735 Part-eis,
878 682 988 724 Mus.
1013 684 1166 724 Vienn.
1198 689 1305 724 teste
1334 682 1390 723 Ι).
1415 680 1599 734 Kallas-,-

199 753 363 796 Italiae:
395 755 450 797 D.
483 755 693 812 Spinola5
731 756 970 798 Helvetiae:
1011 757 1066 798 D.
1094 756 1460 808 Km'eclibaumem
1498 755 1599 799 Gal-

198 828 299 870 liae:
329 829 384 871 D.
406 830 461 871 D.
481 829 664 887 Dusom·
686 838 727 872 et
746 831 979 883 Latreille3
1009 831 1235 873 Saxoniae:
1266 831 1322 872 D.
1344 829 1599 882 Tischbeim

200 902 392 946 Silesiae:
422 904 478 945 D.
501 904 670 957 Zeller5
698 904 1090 960 Brandenburgiae:
1122 906 1177 946 D.
1193 904 1469 960 RatzeburgJ
1499 905 1601 946 Sve-

199 979 308 1019 ciae:
346 978 498 1020 Scania
529 979 582 1019 D.
605 979 660 1020 D.
682 978 841 1020 Fallere
873 985 914 1020 et
940 978 1223 1030 Zetterstedt5
1262 978 1316 1019 ad
1345 977 1472 1019 Lund
1502 978 1601 1020 Sca-

200 1054 295 1093 niae
315 1054 358 1093 in
384 1054 545 1108 pariete
575 1052 798 1108 argillaceo
823 1052 863 1095 d.
891 1054 1006 1094 15-
1021 1053 1087 1094 18.
1109 1052 1216 1094 Julii
1239 1053 1353 1094 1830
1373 1059 1600 1107 utrumque

200 1141 342 1168 sexum
381 1128 425 1167 in
464 1126 566 1168 nido
603 1127 797 1184 Odyneri
826 1129 1045 1183 parietum
1073 1125 1155 1182 legi
1187 1150 1243 1158 -
1275 1126 1599 1181 Westrogothia

201 1201 254 1242 D.
285 1201 339 1242 D.
375 1201 605 1258 Gyllenhal
634 1209 674 1243 et
707 1201 956 1244 Scho'nkerr
979 1226 1031 1233 —-
1061 1200 1338 1257 ostrogothia
1369 1213 1504 1256 prope
1536 1215 1601 1242 ur-

199 1273 295 1316 bem
311 1276 554 1317 Wadstena
577 1275 616 1317 d.
646 1278 710 1318 11.
731 1276 838 1318 Julii
861 1278 905 1317 in
929 1277 1163 1332 sepimenta
1193 1275 1336 1331 ligneo
1367 1275 1467 1316 mihi
1496 1289 1601 1330 quo-

200 1363 283 1404 que
316 1348 455 1391 obvia.
515 1350 763 1392 Finlandiae
793 1350 846 1392 ad
877 1350 1160 1406 Helsingfors:
1191 1350 1246 1391 D.
1271 1347 1512 1406 Nylander.

272 1422 493 1465 Observ.
538 1424 710 1480 Corpus
732 1425 891 1467 lineare
910 1423 1223 1480 subellipticum
1243 1424 1386 1466 fusco·
1407 1431 1448 1464 et
1469 1436 1600 1464 cano-

198 1496 436 1552 pubescens
466 1497 806 1553 pilosellumque.
853 1498 996 1554 Caput
1021 1505 1062 1539 et
1082 1498 1229 1538 thorax
1251 1497 1471 1538 confertim
1492 1511 1600 1552 pun-

199 1570 354 1612 ctulata
385 1570 657 1613 subcoriacea
689 1587 837 1627 parum
861 1571 991 1613 nitida
1015 1585 1188 1627 cyanea,
1218 1578 1425 1625 punctura
1449 1571 1598 1612 frontis

200 1651 240 1686 et
269 1647 443 1700 pronoti
473 1645 683 1687 interdum
714 1645 1027 1688 subreliculata.
1080 1644 1222 1700 Caput
1245 1645 1434 1686 normale
1455 1653 1601 1687 rotun-

199 1718 591 1775 dato-triangulum3
623 1721 750 1770 frons,
782 1721 908 1761 facies
931 1728 972 1761 et
994 1720 1171 1774 clypeus
1194 1719 1410 1774 plerisque
1430 1719 1597 1761 virides.

201 1792 371 1835 Cavitas
402 1794 560 1835 facialis
592 1795 815 1836 mediocris
837 1808 1021 1849 superne
1045 1792 1315 1834 subtilissime
1338 1800 1379 1834 et
1404 1792 1600 1834 obsolete

200 1866 391 1917 limitata,
429 1868 570 1909 medio
611 1868 878 1910 subtilissime
918 1875 1154 1908 transverse
1186 1869 1602 1922 strigoso-coriacea,

200 1940 386 1982 carinula
418 1940 608 1982 mediana
638 1941 920 1983 subtilissima.
970 1942 1192 1983 Antennae
1222 1941 1488 1996 longitudine
1520 1956 1603 1983 me-

200 2014 378 2064 diocres,
408 2021 557 2057 tenues
589 2017 897 2072 nigro-fuscae,
928 2030 1058 2072 scapo
1091 2023 1131 2058 et
1161 2015 1372 2072 pedicello
1396 2018 1603 2058 virescen-

200 2088 326 2131 tibus.
387 2087 581 2144 Clypeus
621 2090 844 2132 mediocris
875 2093 941 2132 vix
971 2105 1162 2145 magnus,
1201 2097 1464 2132 transversus
1504 2089 1602 2132 suh-

200 2164 438 2218 trapezinus
469 2163 701 2218 inaequalis
734 2164 1006 2219 punctulatus
1037 2164 1205 2215 nitidus,
1240 2167 1425 2220 margine
1454 2163 1603 2220 apicali

200 2238 336 2292 piceo,
365 2236 418 2280 ad
443 2245 632 2280 centrum
654 2240 1120 2294 arcuato-emarginato
1145 2238 1433 2280 subtruncato.
1483 2239 1603 2279 Man·

201 2310 373 2353 dibulae
405 2314 570 2367 piceae,
610 2311 700 2354 basi
735 2315 1172 2355 aeneo-virescentes.
1236 2313 1469 2354 Pronotum
1498 2326 1603 2362 mar-

202 2389 296 2442 gine
317 2388 456 2428 antico
480 2393 520 2428 et
540 2386 743 2431 humerali
766 2387 862 2443 plus
883 2390 1020 2429 minus
1040 2390 1262 2437 virescens,
1290 2387 1424 2428 foveis
1448 2385 1599 2428 tribus:

201 2460 390 2503 mediana
423 2460 658 2503 lanceolata
690 2464 853 2516 postice
885 2461 1118 2512 obliterata,
1150 2462 1321 2517 reliquis
1349 2461 1517 2503 duabus
1548 2461 1601 2503 ad

201 2537 425 2591 marginem
448 2537 656 2590 posticum
679 2538 874 2592 utrinque
898 2538 986 2577 sitis
1014 2536 1253 2578 linearibus.
1307 2536 1496 2592 Tegulae
1517 2535 1604 2592 ple-

202 2623 379 2664 rumque
410 2609 576 2651 virides.
637 2610 814 2652 Dorsuli
852 2618 1022 2652 suturae
1054 2612 1081 2652 2
1112 2611 1328 2653 medianae
1360 2610 1600 2653 crenulatae
