1695 3241
347 263 391 305 F
390 264 504 305 amil-
529 263 820 319 Pamopidae.
868 263 932 304 12.
952 262 1192 318 Par-nopes.
1392 263 1479 305 379

166 603 202 644 E
233 602 405 644 Familia
434 601 766 657 Parnopidarum
805 601 942 644 adhuc
980 601 1272 644 tantummodo
1313 602 1478 643 unicum

81 677 228 719 Genus
260 678 482 732 cognitum,
513 675 622 717 scit:

335 843 407 889 12.
479 843 654 890 Genus
689 841 1040 890 PARNOPES
1074 843 1217 891 Fabr.

78 955 166 989 Piez.
195 956 352 990 177:27.
379 977 422 983 —
448 956 536 991 Latr.
563 956 650 990 Gen.
675 956 740 991 Ins.
766 956 798 989 4.
825 955 985 989 47:476.
1012 974 1055 979 -—
1086 956 1199 988 lem.
1226 955 1357 1000 Dispos.
1378 955 1479 989 1845.

170 1026 242 1058 pag.
263 1015 293 1047 1.
344 1013 490 1059 Chrysis
514 1014 614 1047 Fabr.
640 1014 717 1046 Eut.
744 1013 829 1061 Syst.
856 1014 887 1046 2.

166 1120 338 1176 Corpus
368 1120 588 1163 robustum
621 1121 861 1177 elongatum
889 1121 1041 1175 23—-4
1062 1119 1134 1160 lin.
1157 1118 1345 1161 decimat.
1367 1119 1480 1175 long.

166 1194 308 1251 Caput
326 1195 556 1237 rotundato
567 1222 583 1227 -
594 1194 864 1252 triangulum;
885 1194 1062 1251 clypeus
1078 1192 1333 1250 submagnus
1349 1200 1482 1235 trans-

78 1283 225 1311 versus
254 1269 376 1312 latus.

165 1343 466 1399 Mesopleurae
514 1344 694 1384 thoracis
734 1343 942 1385 subtiliter
979 1344 1249 1398 marginatae:
1298 1343 1482 1398 margine

80 1423 152 1458 aut
181 1416 531 1473 subintegerrimo
563 1424 635 1459 aut
667 1417 899 1459 erenulato.

166 1490 343 1531 Scutelli
373 1490 512 1532 discus
543 1491 732 1533 elevatus
764 1492 914 1548 planus
946 1492 1199 1547 trapezinus.

165 1564 433 1605 Postscutelli
464 1572 650 1607 centrum
683 1573 755 1607 aut
786 1565 1117 1615 tuberculatum,
1164 1571 1235 1605 aut
1265 1577 1483 1604 mucrona-

79 1646 185 1679 tum:
232 1653 434 1680 mucrone
474 1639 603 1694 plano
635 1638 969 1681 subhorizontali
1000 1652 1147 1680 versus
1179 1637 1393 1679 abdomen
1424 1636 1484 1678 di-

80 1719 197 1753 recto
245 1719 285 1753 et
331 1712 419 1754 fere
466 1715 597 1755 instar
634 1712 765 1755 sellae
804 1714 1007 1768 equestris
1047 1712 1249 1763 formato,
1301 1713 1483 1768 margine

80 1785 236 1826 lacero.

170 1858 305 1899 Pedes
346 1859 435 1900 fere
476 1865 522 1900 ut
552 1861 595 1900 in
629 1858 912 1915 Chrysidibus
944 1864 1234 1909 constructae,
1280 1865 1321 1899 at
1351 1860 1484 1899 minus

81 1932 282 1974 robustae
322 1939 362 1973 et
401 1933 593 1989 spinulae
633 1933 902 1975 articulorum
942 1940 1149 1975 tarsorum
1190 1931 1372 1988 apicales
1403 1934 1486 1974 evi-

83 2007 298 2048 dentiores
330 2013 371 2047 et
402 2006 628 2063 longiores.

170 2080 342 2122 Alarum
373 2080 540 2137 tegulae
570 2083 768 2123 maximae
800 2081 1125 2138 longitudinales
1148 2086 1485 2123 ovato-scutatae

85 2163 124 2196 et
155 2161 391 2211 punctatae.

170 2227 276 2270 Alae
315 2230 486 2270 amicae
525 2227 817 2270 tantummodo
857 2230 885 2269 2
917 2228 1079 2270 cellulis
1110 2228 1348 2284 completis,
1398 2227 1484 2268 scil.

84 2302 234 2345 costali
265 2309 307 2344 et
336 2302 522 2351 mediali;
559 2302 712 2344 cellula
742 2302 993 2344 submediali
1027 2305 1146 2344 1:1na
1177 2299 1487 2359 subcompleta3

84 2377 238 2419 cellula
277 2376 425 2418 radiali
464 2376 603 2418 solum
641 2377 856 2428 inchoata,
904 2384 1078 2433 propter
1107 2390 1256 2418 venam
1287 2373 1486 2418 radialem

84 2451 228 2508 paullo
261 2458 360 2507 post
389 2453 534 2507 stigma
565 2450 837 2493 desinentem.

173 2525 277 2567 Alae
307 2528 495 2582 posticae
526 2524 690 2567 duabus
720 2527 858 2567 venis:
899 2524 1046 2567 costali
1079 2531 1118 2566 et
1149 2522 1398 2580 postcostali
1430 2528 1488 2563 at-

87 2613 170 2656 que
201 2599 353 2642 cellula
385 2599 533 2643 costali
562 2598 754 2656 gaudent.
