<?xml version="1.0" encoding="UTF-8"?>
<!DOCTYPE html PUBLIC "-//W3C//DTD XHTML 1.0 Transitional//EN"
    "http://www.w3.org/TR/xhtml1/DTD/xhtml1-transitional.dtd">
<html xmlns="http://www.w3.org/1999/xhtml" xml:lang="en" lang="en">
 <head>
  <title>
</title>
<meta http-equiv="Content-Type" content="text/html;charset=utf-8" />
  <meta name='ocr-system' content='tesseract 3.04.00' />
  <meta name='ocr-capabilities' content='ocr_page ocr_carea ocr_par ocr_line ocrx_word'/>
</head>
<body>
  <div class='ocr_page' id='page_1' title='image "./hymenopteraeurop02dahl_0422.png"; bbox 0 0 1695 3241; ppageno 0'>
   <div class='ocr_carea' id='block_1_1' title="bbox 204 261 1296 320">
    <p class='ocr_par' dir='ltr' id='par_1_1' title="bbox 204 261 1296 320">
     <span class='ocr_line' id='line_1_1' title="bbox 204 261 1296 320; baseline -0.008 -8"><span class='ocrx_word' id='word_1_1' title='bbox 204 271 291 312; x_wconf 88' lang='lat'><strong>360</strong></span> <span class='ocrx_word' id='word_1_2' title='bbox 522 263 680 306; x_wconf 68' lang='lat' dir='ltr'><strong>Famil.</strong></span> <span class='ocrx_word' id='word_1_3' title='bbox 703 262 1004 320; x_wconf 67' lang='lat' dir='ltr'><strong>Chrysididae.</strong></span> <span class='ocrx_word' id='word_1_4' title='bbox 1037 264 1075 304; x_wconf 87' lang='lat'><strong>9.</strong></span> <span class='ocrx_word' id='word_1_5' title='bbox 1102 261 1296 304; x_wconf 76' lang='lat' dir='ltr'><strong>Stilbum.</strong></span> 
     </span>
    </p>
   </div>
   <div class='ocr_carea' id='block_1_2' title="bbox 205 379 1604 442">
    <p class='ocr_par' dir='ltr' id='par_1_2' title="bbox 205 379 1604 442">
     <span class='ocr_line' id='line_1_2' title="bbox 205 379 1604 442; baseline -0.005 -15"><span class='ocrx_word' id='word_1_6' title='bbox 205 384 349 442; x_wconf 82' lang='lat' dir='ltr'><strong>paullo</strong></span> <span class='ocrx_word' id='word_1_7' title='bbox 380 381 588 432; x_wconf 79' lang='lat' dir='ltr'><strong>breviore,</strong></span> <span class='ocrx_word' id='word_1_8' title='bbox 620 380 671 422; x_wconf 87' lang='lat' dir='ltr'><strong>ad</strong></span> <span class='ocrx_word' id='word_1_9' title='bbox 695 387 880 422; x_wconf 83' lang='lat' dir='ltr'><strong>centrum</strong></span> <span class='ocrx_word' id='word_1_10' title='bbox 901 382 1093 436; x_wconf 78' lang='lat' dir='ltr'>marginis</span> <span class='ocrx_word' id='word_1_11' title='bbox 1116 379 1286 436; x_wconf 85' lang='lat' dir='ltr'><strong>apicalis</strong></span> <span class='ocrx_word' id='word_1_12' title='bbox 1308 386 1430 422; x_wconf 84' lang='lat' dir='ltr'><strong>acute</strong></span> <span class='ocrx_word' id='word_1_13' title='bbox 1452 380 1604 421; x_wconf 83' lang='lat' dir='ltr'><strong>inciso-</strong></span> 
     </span>
    </p>
   </div>
   <div class='ocr_carea' id='block_1_3' title="bbox 205 449 1592 545">
    <p class='ocr_par' dir='ltr' id='par_1_3' title="bbox 205 449 1592 545">
     <span class='ocr_line' id='line_1_3' title="bbox 205 449 1592 545; baseline -0.004 -19"><span class='ocrx_word' id='word_1_14' title='bbox 205 484 478 538; x_wconf 76' lang='lat' dir='ltr'><strong>emarginam,</strong></span> <span class='ocrx_word' id='word_1_15' title='bbox 524 482 718 537; x_wconf 87' lang='lat' dir='ltr'><strong>utrinque</strong></span> <span class='ocrx_word' id='word_1_16' title='bbox 750 487 922 522; x_wconf 86' lang='lat' dir='ltr'><strong>arcuato</strong></span> <span class='ocrx_word' id='word_1_17' title='bbox 955 479 1131 530; x_wconf 84' lang='lat' dir='ltr'>obtuso,</span> <span class='ocrx_word' id='word_1_18' title='bbox 1177 479 1265 522; x_wconf 82' lang='lat' dir='ltr'><strong>fere</strong></span> <span class='ocrx_word' id='word_1_19' title='bbox 1295 480 1403 522; x_wconf 86' lang='lat' dir='ltr'><strong>hanc</strong></span> <span class='ocrx_word' id='word_1_20' title='bbox 1446 449 1592 545; x_wconf 57' lang='lat' dir='ltr'>U</span> 
     </span>
    </p>
   </div>
   <div class='ocr_carea' id='block_1_4' title="bbox 208 575 633 619">
    <p class='ocr_par' dir='ltr' id='par_1_4' title="bbox 208 575 633 619">
     <span class='ocr_line' id='line_1_4' title="bbox 208 575 633 619; baseline -0.007 0"><span class='ocrx_word' id='word_1_21' title='bbox 208 577 380 619; x_wconf 78' lang='lat' dir='ltr'>somnam</span> <span class='ocrx_word' id='word_1_22' title='bbox 411 575 633 617; x_wconf 79' lang='lat' dir='ltr'><strong>referente.</strong></span> 
     </span>
    </p>
   </div>
   <div class='ocr_carea' id='block_1_5' title="bbox 497 746 1308 791">
    <p class='ocr_par' dir='ltr' id='par_1_5' title="bbox 497 746 1308 791">
     <span class='ocr_line' id='line_1_5' title="bbox 497 746 1308 791; baseline -0.002 -3"><span class='ocrx_word' id='word_1_23' title='bbox 497 750 587 789; x_wconf 84' lang='lat'>201.</span> <span class='ocrx_word' id='word_1_24' title='bbox 645 748 855 788; x_wconf 89' lang='lat' dir='ltr'><strong>Stilbum</strong></span> <span class='ocrx_word' id='word_1_25' title='bbox 883 747 1047 787; x_wconf 83' lang='lat' dir='ltr'><strong>calens</strong></span> <span class='ocrx_word' id='word_1_26' title='bbox 1074 746 1187 787; x_wconf 81' lang='lat' dir='ltr'><strong>Fabr.</strong></span> <span class='ocrx_word' id='word_1_27' title='bbox 1218 746 1308 791; x_wconf 70' lang='grc' dir='ltr'><strong>ἅᾫ.</strong></span> 
     </span>
    </p>
   </div>
   <div class='ocr_carea' id='block_1_6' title="bbox 204 825 1607 1328">
    <p class='ocr_par' dir='ltr' id='par_1_6' title="bbox 204 825 1607 1254">
     <span class='ocr_line' id='line_1_6' title="bbox 294 825 1606 881; baseline 0 -14"><span class='ocrx_word' id='word_1_28' title='bbox 294 826 509 881; x_wconf 82' lang='lat' dir='ltr'><strong>Magnum</strong></span> <span class='ocrx_word' id='word_1_29' title='bbox 539 834 614 867; x_wconf 78' lang='lat' dir='ltr'><strong>aut</strong></span> <span class='ocrx_word' id='word_1_30' title='bbox 645 827 877 867; x_wconf 69' lang='lat' dir='ltr'><strong>mamlmum</strong></span> <span class='ocrx_word' id='word_1_31' title='bbox 908 825 1134 867; x_wconf 69' lang='lat'><strong>4-51511,</strong></span> <span class='ocrx_word' id='word_1_32' title='bbox 1167 825 1359 866; x_wconf 77' lang='lat' dir='ltr'><strong>decimal.</strong></span> <span class='ocrx_word' id='word_1_33' title='bbox 1391 825 1508 880; x_wconf 81' lang='lat' dir='ltr'><strong>long.</strong></span> <span class='ocrx_word' id='word_1_34' title='bbox 1538 841 1606 867; x_wconf 83' lang='lat' dir='ltr'><strong>co·</strong></span> 
     </span>
     <span class='ocr_line' id='line_1_7' title="bbox 205 898 1606 956; baseline 0 -14"><span class='ocrx_word' id='word_1_35' title='bbox 205 902 297 943; x_wconf 83' lang='lat' dir='ltr'><strong>lore</strong></span> <span class='ocrx_word' id='word_1_36' title='bbox 334 903 492 956; x_wconf 75' lang='lat' dir='ltr'><strong>capitis</strong></span> <span class='ocrx_word' id='word_1_37' title='bbox 530 900 806 956; x_wconf 73' lang='lat' dir='ltr'><strong>thoracisque</strong></span> <span class='ocrx_word' id='word_1_38' title='bbox 844 900 1044 951; x_wconf 73' lang='lat' dir='ltr'><strong>varians,</strong></span> <span class='ocrx_word' id='word_1_39' title='bbox 1095 898 1336 940; x_wconf 73' lang='lat' dir='ltr'><strong><em>abdominis</em></strong></span> <span class='ocrx_word' id='word_1_40' title='bbox 1373 903 1606 954; x_wconf 71' lang='lat' dir='ltr'><strong><em>segmentis</em></strong></span> 
     </span>
     <span class='ocr_line' id='line_1_8' title="bbox 205 973 1606 1031; baseline 0 -14"><span class='ocrx_word' id='word_1_41' title='bbox 205 974 450 1017; x_wconf 75' lang='lat' dir='ltr'><strong>dorsalibus</strong></span> <span class='ocrx_word' id='word_1_42' title='bbox 484 976 607 1016; x_wconf 79' lang='lat' dir='ltr'><strong>lzmo</strong></span> <span class='ocrx_word' id='word_1_43' title='bbox 639 981 680 1015; x_wconf 83' lang='lat' dir='ltr'><strong>et</strong></span> <span class='ocrx_word' id='word_1_44' title='bbox 711 973 822 1014; x_wconf 83' lang='lat' dir='ltr'>2:do</span> <span class='ocrx_word' id='word_1_45' title='bbox 855 975 1021 1025; x_wconf 72' lang='lat' dir='ltr'><strong>aureis,</strong></span> <span class='ocrx_word' id='word_1_46' title='bbox 1061 973 1176 1014; x_wconf 62' lang='lat'>3:150</span> <span class='ocrx_word' id='word_1_47' title='bbox 1207 989 1390 1031; x_wconf 71' lang='lat' dir='ltr'><strong>cyaneo,</strong></span> <span class='ocrx_word' id='word_1_48' title='bbox 1431 975 1606 1017; x_wconf 68' lang='lat' dir='ltr'><strong>dorsulo</strong></span> 
     </span>
     <span class='ocr_line' id='line_1_9' title="bbox 204 1048 1607 1105; baseline 0 -14"><span class='ocrx_word' id='word_1_49' title='bbox 204 1055 291 1091; x_wconf 81' lang='lat' dir='ltr'><em>toto</em></span> <span class='ocrx_word' id='word_1_50' title='bbox 331 1048 561 1105; x_wconf 78' lang='lat' dir='ltr'><em>confertim</em></span> <span class='ocrx_word' id='word_1_51' title='bbox 592 1055 828 1104; x_wconf 71' lang='lat' dir='ltr'><strong>punctulo·</strong></span> <span class='ocrx_word' id='word_1_52' title='bbox 868 1054 908 1089; x_wconf 83' lang='lat' dir='ltr'><strong>et</strong></span> <span class='ocrx_word' id='word_1_53' title='bbox 939 1048 1427 1102; x_wconf 79' lang='lat' dir='ltr'><strong>punctulato-coriaceo</strong></span> <span class='ocrx_word' id='word_1_54' title='bbox 1468 1050 1607 1105; x_wconf 74' lang='lat' dir='ltr'><em>(post-</em></span> 
     </span>
     <span class='ocr_line' id='line_1_10' title="bbox 205 1123 1105 1179; baseline -0.002 -15"><span class='ocrx_word' id='word_1_55' title='bbox 205 1124 374 1166; x_wconf 61' lang='lat' dir='ltr'><strong>scutella·</strong></span> <span class='ocrx_word' id='word_1_56' title='bbox 403 1139 605 1165; x_wconf 67' lang='lat' dir='ltr'><strong>mewrone</strong></span> <span class='ocrx_word' id='word_1_57' title='bbox 636 1124 758 1179; x_wconf 74' lang='lat' dir='ltr'><strong>apice</strong></span> <span class='ocrx_word' id='word_1_58' title='bbox 787 1123 1105 1177; x_wconf 78' lang='lat' dir='ltr'><strong>integerrimo).</strong></span> 
     </span>
     <span class='ocr_line' id='line_1_11' title="bbox 231 1195 1606 1254; baseline 0 -15"><span class='ocrx_word' id='word_1_59' title='bbox 231 1213 317 1239; x_wconf 90' lang='lat' dir='ltr'><strong>var.</strong></span> <span class='ocrx_word' id='word_1_60' title='bbox 343 1213 382 1239; x_wconf 90' lang='lat' dir='ltr'><strong>a.</strong></span> <span class='ocrx_word' id='word_1_61' title='bbox 414 1196 558 1253; x_wconf 83' lang='lat' dir='ltr'><strong>Caput</strong></span> <span class='ocrx_word' id='word_1_62' title='bbox 590 1204 632 1239; x_wconf 87' lang='lat' dir='ltr'><strong>et</strong></span> <span class='ocrx_word' id='word_1_63' title='bbox 661 1196 809 1239; x_wconf 83' lang='lat' dir='ltr'><strong>thorax</strong></span> <span class='ocrx_word' id='word_1_64' title='bbox 839 1203 910 1238; x_wconf 85' lang='lat' dir='ltr'><strong>aut</strong></span> <span class='ocrx_word' id='word_1_65' title='bbox 931 1210 1093 1252; x_wconf 81' lang='lat' dir='ltr'><strong>cyanea</strong></span> <span class='ocrx_word' id='word_1_66' title='bbox 1113 1195 1322 1238; x_wconf 82' lang='lat' dir='ltr'><strong>levissime</strong></span> <span class='ocrx_word' id='word_1_67' title='bbox 1342 1196 1606 1254; x_wconf 85' lang='lat' dir='ltr'><strong>viridi-picta,</strong></span> 
     </span>
    </p>

    <p class='ocr_par' dir='ltr' id='par_1_7' title="bbox 406 1270 1121 1328">
     <span class='ocr_line' id='line_1_12' title="bbox 406 1270 1121 1328; baseline -0.001 -15"><span class='ocrx_word' id='word_1_68' title='bbox 406 1279 476 1313; x_wconf 87' lang='lat' dir='ltr'><strong>aut</strong></span> <span class='ocrx_word' id='word_1_69' title='bbox 507 1271 825 1328; x_wconf 86' lang='lat' dir='ltr'><strong>viridi-cyanea</strong></span> <span class='ocrx_word' id='word_1_70' title='bbox 857 1277 930 1312; x_wconf 84' lang='lat' dir='ltr'><strong>aut</strong></span> <span class='ocrx_word' id='word_1_71' title='bbox 961 1270 1121 1312; x_wconf 87' lang='lat' dir='ltr'><strong>viridia.</strong></span> 
     </span>
    </p>
   </div>
   <div class='ocr_carea' id='block_1_7' title="bbox 275 1361 1607 1410">
    <p class='ocr_par' dir='ltr' id='par_1_8' title="bbox 275 1361 1607 1410">
     <span class='ocr_line' id='line_1_13' title="bbox 275 1361 1607 1410; baseline -0.002 -13"><span class='ocrx_word' id='word_1_72' title='bbox 275 1362 422 1408; x_wconf 79' lang='lat' dir='ltr'><strong>Chrysis</strong></span> <span class='ocrx_word' id='word_1_73' title='bbox 453 1363 569 1397; x_wconf 81' lang='lat' dir='ltr'><strong>calens</strong></span> <span class='ocrx_word' id='word_1_74' title='bbox 600 1363 699 1397; x_wconf 82' lang='lat' dir='ltr'><strong>Fabr.</strong></span> <span class='ocrx_word' id='word_1_75' title='bbox 726 1363 804 1396; x_wconf 90' lang='lat' dir='ltr'><strong>Ent.</strong></span> <span class='ocrx_word' id='word_1_76' title='bbox 831 1362 915 1410; x_wconf 86' lang='lat' dir='ltr'><strong>Syst.</strong></span> <span class='ocrx_word' id='word_1_77' title='bbox 941 1363 973 1396; x_wconf 80' lang='lat'><strong>2.</strong></span> <span class='ocrx_word' id='word_1_78' title='bbox 999 1361 1130 1403; x_wconf 79' lang='lat'><strong>239:4‚</strong></span> <span class='ocrx_word' id='word_1_79' title='bbox 1171 1362 1259 1395; x_wconf 76' lang='lat' dir='ltr'><strong>Picz.</strong></span> <span class='ocrx_word' id='word_1_80' title='bbox 1281 1361 1392 1395; x_wconf 70' lang='lat' dir='ltr'><strong>l7l:-1</strong></span> <span class='ocrx_word' id='word_1_81' title='bbox 1424 1362 1607 1395; x_wconf 86' lang='lat' dir='ltr'><strong>secundum</strong></span> 
     </span>
    </p>
   </div>
   <div class='ocr_carea' id='block_1_8' title="bbox 343 1419 1606 1523">
    <p class='ocr_par' dir='ltr' id='par_1_9' title="bbox 343 1419 1606 1523">
     <span class='ocr_line' id='line_1_14' title="bbox 343 1419 1606 1467; baseline -0.002 -14"><span class='ocrx_word' id='word_1_82' title='bbox 343 1420 511 1465; x_wconf 73' lang='lat' dir='ltr'><strong>specimen</strong></span> <span class='ocrx_word' id='word_1_83' title='bbox 538 1420 688 1467; x_wconf 79' lang='lat' dir='ltr'><strong>typicum</strong></span> <span class='ocrx_word' id='word_1_84' title='bbox 718 1420 752 1453; x_wconf 84' lang='lat' dir='ltr'><strong>in</strong></span> <span class='ocrx_word' id='word_1_85' title='bbox 783 1421 905 1454; x_wconf 78' lang='lat' dir='ltr'><strong>Museo</strong></span> <span class='ocrx_word' id='word_1_86' title='bbox 934 1420 1112 1454; x_wconf 81' lang='lat' dir='ltr'><strong>Havniensi</strong></span> <span class='ocrx_word' id='word_1_87' title='bbox 1141 1434 1228 1453; x_wconf 81' lang='lat' dir='ltr'><strong>anno</strong></span> <span class='ocrx_word' id='word_1_88' title='bbox 1255 1419 1345 1453; x_wconf 67' lang='grc'><strong>1847</strong></span> <span class='ocrx_word' id='word_1_89' title='bbox 1382 1433 1459 1452; x_wconf 76' lang='lat' dir='ltr'><strong>tum</strong></span> <span class='ocrx_word' id='word_1_90' title='bbox 1490 1420 1606 1452; x_wconf 74' lang='lat' dir='ltr'><strong>nostris</strong></span> 
     </span>
     <span class='ocr_line' id='line_1_15' title="bbox 344 1477 843 1523; baseline -0.002 -13"><span class='ocrx_word' id='word_1_91' title='bbox 344 1477 577 1523; x_wconf 73' lang='lat' dir='ltr'><strong>speciminibus</strong></span> <span class='ocrx_word' id='word_1_92' title='bbox 603 1486 843 1522; x_wconf 79' lang='lat' dir='ltr'><strong>comparatum.</strong></span> 
     </span>
    </p>
   </div>
   <div class='ocr_carea' id='block_1_9' title="bbox 206 1552 1607 2279">
    <p class='ocr_par' dir='ltr' id='par_1_10' title="bbox 233 1552 1604 1668">
     <span class='ocr_line' id='line_1_16' title="bbox 233 1552 1604 1610; baseline -0.001 -15"><span class='ocrx_word' id='word_1_93' title='bbox 233 1569 319 1595; x_wconf 83' lang='lat' dir='ltr'><strong>var.</strong></span> <span class='ocrx_word' id='word_1_94' title='bbox 337 1554 373 1596; x_wconf 80' lang='lat' dir='ltr'><strong>b.</strong></span> <span class='ocrx_word' id='word_1_95' title='bbox 407 1554 548 1610; x_wconf 87' lang='lat' dir='ltr'><strong>Caput</strong></span> <span class='ocrx_word' id='word_1_96' title='bbox 579 1561 620 1596; x_wconf 87' lang='lat' dir='ltr'><strong>et</strong></span> <span class='ocrx_word' id='word_1_97' title='bbox 650 1554 797 1595; x_wconf 82' lang='lat' dir='ltr'><strong>thorax</strong></span> <span class='ocrx_word' id='word_1_98' title='bbox 827 1560 900 1594; x_wconf 87' lang='lat' dir='ltr'><strong>aut</strong></span> <span class='ocrx_word' id='word_1_99' title='bbox 930 1553 1244 1595; x_wconf 87' lang='lat' dir='ltr'><strong>aureo-viridia</strong></span> <span class='ocrx_word' id='word_1_100' title='bbox 1266 1560 1337 1594; x_wconf 83' lang='lat' dir='ltr'><strong>aut</strong></span> <span class='ocrx_word' id='word_1_101' title='bbox 1358 1552 1604 1594; x_wconf 79' lang='lat' dir='ltr'><strong>viridissime</strong></span> 
     </span>
     <span class='ocr_line' id='line_1_17' title="bbox 406 1640 544 1668; baseline -0.007 0"><span class='ocrx_word' id='word_1_102' title='bbox 406 1640 544 1668; x_wconf 88' lang='lat' dir='ltr'><strong>aurea.</strong></span> 
     </span>
    </p>

    <p class='ocr_par' dir='ltr' id='par_1_11' title="bbox 232 1708 979 1832">
     <span class='ocr_line' id='line_1_18' title="bbox 276 1708 979 1751; baseline -0.001 -8"><span class='ocrx_word' id='word_1_103' title='bbox 276 1709 427 1743; x_wconf 73' lang='lat' dir='ltr'><strong>Stilbum</strong></span> <span class='ocrx_word' id='word_1_104' title='bbox 451 1709 567 1744; x_wconf 82' lang='lat' dir='ltr'><strong>calens</strong></span> <span class='ocrx_word' id='word_1_105' title='bbox 592 1722 658 1741; x_wconf 75' lang='lat' dir='ltr'><strong>var.</strong></span> <span class='ocrx_word' id='word_1_106' title='bbox 684 1709 773 1741; x_wconf 90' lang='lat' dir='ltr'><strong>Mus.</strong></span> <span class='ocrx_word' id='word_1_107' title='bbox 801 1708 979 1751; x_wconf 78' lang='lat' dir='ltr'><strong>Spinolae.</strong></span> 
     </span>
     <span class='ocr_line' id='line_1_19' title="bbox 232 1776 952 1832; baseline -0.001 -15"><span class='ocrx_word' id='word_1_108' title='bbox 232 1791 318 1818; x_wconf 86' lang='lat' dir='ltr'><strong>var.</strong></span> <span class='ocrx_word' id='word_1_109' title='bbox 337 1793 369 1818; x_wconf 86' lang='lat' dir='ltr'><strong>c.</strong></span> <span class='ocrx_word' id='word_1_110' title='bbox 405 1776 576 1832; x_wconf 88' lang='lat' dir='ltr'><strong>Corpus</strong></span> <span class='ocrx_word' id='word_1_111' title='bbox 607 1779 952 1832; x_wconf 83' lang='lat' dir='ltr'><strong>igneo-aureum.</strong></span> 
     </span>
    </p>

    <p class='ocr_par' dir='ltr' id='par_1_12' title="bbox 276 1858 965 1903">
     <span class='ocr_line' id='line_1_20' title="bbox 276 1858 965 1903; baseline -0.003 -11"><span class='ocrx_word' id='word_1_112' title='bbox 276 1858 428 1892; x_wconf 76' lang='lat' dir='ltr'><strong>Stilbum</strong></span> <span class='ocrx_word' id='word_1_113' title='bbox 453 1859 568 1893; x_wconf 74' lang='lat' dir='ltr'><strong>calens</strong></span> <span class='ocrx_word' id='word_1_114' title='bbox 593 1872 658 1892; x_wconf 80' lang='lat' dir='ltr'><strong>var.</strong></span> <span class='ocrx_word' id='word_1_115' title='bbox 684 1859 773 1891; x_wconf 88' lang='lat' dir='ltr'>Mus.</span> <span class='ocrx_word' id='word_1_116' title='bbox 799 1858 965 1903; x_wconf 71' lang='lat' dir='ltr'><strong>Spinolae.</strong></span> 
     </span>
    </p>

    <p class='ocr_par' dir='ltr' id='par_1_13' title="bbox 206 1924 1605 2057">
     <span class='ocr_line' id='line_1_21' title="bbox 291 1924 1605 1978; baseline 0 -10"><span class='ocrx_word' id='word_1_117' title='bbox 291 1927 473 1969; x_wconf 71' lang='lat' dir='ltr'><strong>Habitat</strong></span> <span class='ocrx_word' id='word_1_118' title='bbox 509 1928 552 1968; x_wconf 90' lang='lat' dir='ltr'><strong>in</strong></span> <span class='ocrx_word' id='word_1_119' title='bbox 583 1925 712 1978; x_wconf 84' lang='lat' dir='ltr'><strong>ltalia,</strong></span> <span class='ocrx_word' id='word_1_120' title='bbox 753 1927 930 1978; x_wconf 64' lang='lat' dir='ltr'><strong>Ausa-ia,</strong></span> <span class='ocrx_word' id='word_1_121' title='bbox 968 1925 1187 1976; x_wconf 87' lang='lat' dir='ltr'><strong>Dalmatia,</strong></span> <span class='ocrx_word' id='word_1_122' title='bbox 1220 1924 1410 1977; x_wconf 81' lang='lat' dir='ltr'><strong>Graecia,</strong></span> <span class='ocrx_word' id='word_1_123' title='bbox 1441 1928 1605 1978; x_wconf 90' lang='lat' dir='ltr'><strong>Turcia,</strong></span> 
     </span>
     <span class='ocr_line' id='line_1_22' title="bbox 206 2000 1576 2057; baseline 0.001 -15"><span class='ocrx_word' id='word_1_124' title='bbox 206 2001 348 2044; x_wconf 85' lang='lat' dir='ltr'><strong>Sicilia</strong></span> <span class='ocrx_word' id='word_1_125' title='bbox 380 2008 420 2043; x_wconf 87' lang='lat' dir='ltr'><strong>et</strong></span> <span class='ocrx_word' id='word_1_126' title='bbox 451 2001 630 2052; x_wconf 84' lang='lat' dir='ltr'>Rhodo,</span> <span class='ocrx_word' id='word_1_127' title='bbox 660 2002 744 2043; x_wconf 91' lang='lat' dir='ltr'><strong>hoc</strong></span> <span class='ocrx_word' id='word_1_128' title='bbox 774 2000 874 2042; x_wconf 87' lang='lat' dir='ltr'><strong>loco</strong></span> <span class='ocrx_word' id='word_1_129' title='bbox 904 2002 986 2057; x_wconf 81' lang='lat' dir='ltr'><strong>jam</strong></span> <span class='ocrx_word' id='word_1_130' title='bbox 1018 2014 1161 2041; x_wconf 86' lang='lat' dir='ltr'><strong>mense</strong></span> <span class='ocrx_word' id='word_1_131' title='bbox 1192 2000 1309 2056; x_wconf 86' lang='lat' dir='ltr'><strong>Majo</strong></span> <span class='ocrx_word' id='word_1_132' title='bbox 1342 2000 1576 2043; x_wconf 81' lang='lat' dir='ltr'><strong>observata.</strong></span> 
     </span>
    </p>

    <p class='ocr_par' dir='ltr' id='par_1_14' title="bbox 206 2073 1607 2279">
     <span class='ocr_line' id='line_1_23' title="bbox 294 2073 1606 2132; baseline 0.002 -16"><span class='ocrx_word' id='word_1_133' title='bbox 294 2073 516 2116; x_wconf 84' lang='lat' dir='ltr'><strong>Observ.</strong></span> <span class='ocrx_word' id='word_1_134' title='bbox 571 2075 708 2117; x_wconf 79' lang='lat' dir='ltr'><strong>Stilbo</strong></span> <span class='ocrx_word' id='word_1_135' title='bbox 748 2075 998 2131; x_wconf 75' lang='lat' dir='ltr'><strong>splendido,</strong></span> <span class='ocrx_word' id='word_1_136' title='bbox 1044 2076 1273 2130; x_wconf 83' lang='lat' dir='ltr'><strong>praecipue</strong></span> <span class='ocrx_word' id='word_1_137' title='bbox 1313 2075 1438 2132; x_wconf 86' lang='lat' dir='ltr'><strong>hujus</strong></span> <span class='ocrx_word' id='word_1_138' title='bbox 1469 2078 1606 2118; x_wconf 75' lang='lat' dir='ltr'><strong>varie-</strong></span> 
     </span>
     <span class='ocr_line' id='line_1_24' title="bbox 206 2148 1607 2206; baseline 0.002 -16"><span class='ocrx_word' id='word_1_139' title='bbox 206 2152 286 2191; x_wconf 75' lang='lat' dir='ltr'><strong>tati</strong></span> <span class='ocrx_word' id='word_1_140' title='bbox 323 2165 346 2190; x_wconf 84' lang='lat' dir='ltr'><strong>e</strong></span> <span class='ocrx_word' id='word_1_141' title='bbox 376 2148 647 2200; x_wconf 88' lang='lat' dir='ltr'><strong>simillimum,</strong></span> <span class='ocrx_word' id='word_1_142' title='bbox 690 2156 731 2190; x_wconf 88' lang='lat' dir='ltr'><strong>at</strong></span> <span class='ocrx_word' id='word_1_143' title='bbox 771 2148 949 2190; x_wconf 89' lang='lat' dir='ltr'><strong>dorsulo</strong></span> <span class='ocrx_word' id='word_1_144' title='bbox 989 2155 1082 2190; x_wconf 87' lang='lat' dir='ltr'>toto</span> <span class='ocrx_word' id='word_1_145' title='bbox 1126 2148 1346 2190; x_wconf 81' lang='lat' dir='ltr'><strong>confertim</strong></span> <span class='ocrx_word' id='word_1_146' title='bbox 1385 2157 1607 2206; x_wconf 86' lang='lat' dir='ltr'><strong>punctato-</strong></span> 
     </span>
     <span class='ocr_line' id='line_1_25' title="bbox 207 2222 1286 2279; baseline 0 -15"><span class='ocrx_word' id='word_1_147' title='bbox 207 2229 247 2264; x_wconf 87' lang='lat' dir='ltr'><strong>et</strong></span> <span class='ocrx_word' id='word_1_148' title='bbox 276 2222 758 2278; x_wconf 85' lang='lat' dir='ltr'><strong>punctulato-coriaceo</strong></span> <span class='ocrx_word' id='word_1_149' title='bbox 790 2222 985 2265; x_wconf 87' lang='lat' dir='ltr'><strong>facillime</strong></span> <span class='ocrx_word' id='word_1_150' title='bbox 1016 2222 1286 2279; x_wconf 79' lang='lat' dir='ltr'><strong>dignoscitur.</strong></span> 
     </span>
    </p>
   </div>
  </div>
 </body>
</html>
