1695 3241
168 258 225 299 30
723 256 762 296 3.
828 254 1019 296 Omalus.

166 374 193 415 1.
226 387 411 428 cyaneus
443 372 469 412 l.
501 370 644 412 viridis
676 370 703 412 l.
735 385 863 412 aureo
885 371 1174 427 resplendens.
1237 373 1408 415 Cavitas
1440 374 1563 416 sacia-

166 447 216 488 lis
248 446 481 487 laevissima
513 444 757 486 nitidissima
788 444 932 487 viridis
964 452 1034 487 aut
1056 461 1227 502 cyanea.
1273 448 1562 489 Antennarum

166 534 314 575 scapus
345 526 385 559 et
412 518 644 574 pedicellus
675 519 977 575 viridi-cyanei,
1007 520 1215 576 flagellum
1245 521 1557 577 nigro—fuscum.

165 595 302 635 Frons
333 595 442 634 inter
471 600 684 635 stemmata
717 601 757 636 et
793 594 943 635 oculos
981 594 1146 636 modice
1175 598 1562 651 punctam-reticu-

165 668 266 717 lata,
307 667 449 709 viridis
490 675 559 709 aut
599 683 769 724 cyanea.
832 667 961 710 Oculi
1002 671 1150 710 exserti
1189 669 1414 711 rotundate
1449 671 1561 712 ovati

164 740 516 784 fusco-brunnei.
575 743 710 798 Regio
743 749 999 784 stemmatum
1030 743 1159 784 nitida
1192 742 1403 785 sublaevis
1432 743 1458 785 l.
1490 758 1561 799 pa-

164 830 332 871 rumper
370 816 624 872 punctulata.
687 816 847 872 Capitis
877 830 1019 872 margo
1061 824 1101 858 et
1139 819 1326 872 posticus
1368 824 1409 858 et
1444 831 1559 872 pone

165 890 315 931 oculos
346 889 529 932 lateralis
561 890 753 931 distincte
784 897 1017 946 punctatus.
1064 892 1223 932 Vertex
1246 906 1430 947 cyaneus
1452 891 1479 932 l.
1501 893 1559 932 vi-

163 963 277 1005 ridis.
330 965 500 1005 Thorax
529 963 728 1005 robustus
760 963 910 1019 gibbus
931 964 1185 1006 latiusculus.
1236 966 1470 1006 Pronotum
1490 980 1560 1006 an-

163 1040 244 1079 tice
275 1037 328 1079 ad
359 1040 583 1094 marginem
617 1037 810 1078 distincte
841 1045 1092 1093 punctatum,
1124 1040 1287 1093 postice
1312 1053 1408 1079 area
1429 1038 1560 1079 nitida

163 1112 459 1153 semicirculari
489 1112 597 1153 laevi
627 1126 752 1167 parce
784 1111 1038 1166 punctulata.
1098 1112 1274 1153 Dorsuli
1304 1126 1400 1168 pars
1424 1114 1560 1153 antica

161 1186 418 1227 laeviuscula
449 1186 579 1228 nitida
610 1201 735 1242 parce
766 1186 1027 1241 punctulata;
1060 1186 1247 1242 ejusdem
1277 1201 1373 1242 pars
1398 1189 1560 1243 postica

162 1274 243 1301 nec
273 1274 362 1301 non
393 1259 611 1300 scutellum
641 1267 899 1302 metanotum
928 1267 968 1301 et
988 1260 1160 1316 pleurae
1182 1275 1320 1302 crasse
1340 1267 1561 1316 punctato-

162 1333 399 1383 retieulata3
441 1340 625 1375 sternum
663 1334 840 1375 nitidum
872 1336 1119 1376 coriaceum.
1179 1336 1347 1376 Pictura
1376 1335 1559 1375 thoracis

162 1407 337 1449 mirifice
368 1407 494 1456 ludit;
534 1410 576 1449 in
616 1407 803 1463 plurimis
842 1415 981 1449 tamen
1014 1411 1185 1464 pronoti
1214 1422 1356 1463 margo
1388 1409 1558 1457 anticus,

162 1483 375 1522 mesonoti
414 1488 454 1522 et
493 1484 694 1522 metanoti
733 1481 863 1522 latera
900 1488 1118 1536 totumque
1148 1488 1294 1537 pectus
1325 1480 1434 1522 laete
1464 1482 1560 1522 viri-

162 1554 248 1606 dia,
288 1555 436 1596 leviter
476 1553 852 1611 cyaneo-imbuta,
884 1580 938 1586 —
969 1558 1143 1611 pronoti
1183 1570 1280 1596 area
1319 1557 1481 1610 postica
1518 1562 1559 1596 et

161 1631 373 1670 mesonoti
404 1628 542 1670 discus
575 1643 736 1685 cyanea
768 1636 837 1670 aut
866 1629 1068 1681 violacea,
1103 1656 1154 1662 —
1186 1632 1387 1670 metanoti
1411 1628 1560 1685 gibbo-

161 1705 262 1744 sitas
293 1705 441 1758 nigro·
479 1710 550 1744 aut
585 1703 1019 1753 violasccnti-aenea3
1059 1703 1268 1746 interdum
1303 1717 1407 1744 vero
1444 1710 1559 1745 totus

161 1777 309 1818 thorax
339 1791 538 1832 cyaneus.
601 1779 779 1820 Femora
811 1785 851 1819 et
881 1777 1009 1819 tibiae
1041 1792 1127 1819 uno
1149 1777 1279 1819 latere
1302 1791 1473 1832 cyanea,
1503 1776 1561 1818 al-

161 1857 254 1892 tero
286 1851 433 1892 viridia
464 1851 670 1902 videntur,
702 1854 875 1893 omnino
906 1852 1138 1894 secundum
1169 1852 1335 1892 luminis
1366 1854 1487 1892 situm
1516 1853 1560 1892 in

162 1939 250 1980 quo
273 1924 563 1966 observantur.
598 1925 814 1967 Tibiarum
837 1926 1012 1967 calcaria
1031 1925 1188 1981 pallide
1209 1932 1404 1966 testacea.
1438 1926 1560 1966 Tarsi

161 1997 254 2038 basi
284 1997 395 2039 tibiis
428 1999 690 2050 concolores,
722 2002 840 2056 apice
861 1999 1055 2041 brunnei.
1101 1998 1332 2054 Unguiculi
1352 2006 1560 2040 tarsorum

163 2078 349 2113 testaceo
381 2071 562 2114 brunnei
592 2073 888 2128 subpellucidi.
947 2074 1054 2115 Alae
1094 2071 1185 2114 basi
1216 2073 1326 2114 clare
1357 2072 1562 2129 albohya-

162 2145 291 2196 linae,
330 2148 448 2201 apice
488 2146 624 2202 ample
659 2153 842 2188 saturate
873 2147 1082 2197 fumosae,
1120 2161 1254 2188 venae
1285 2146 1503 2188 brunneae
1533 2147 1559 2188 l.

163 2227 349 2262 testaceo
380 2219 618 2269 brunneae3
652 2220 820 2263 Cellula
850 2220 1017 2261 radialis
1049 2227 1207 2261 tantum
1236 2221 1441 2270 inchoata,
1472 2221 1559 2262 scil.

163 2309 272 2336 vena
302 2294 469 2335 radialis
499 2308 595 2336 mox
626 2296 732 2336 infra
765 2297 919 2351 stigma,
951 2297 1080 2335 instar
1102 2293 1250 2335 ramuli
1272 2295 1561 2350 stigmaticalis,

163 2368 343 2424 abrupte
374 2368 538 2410 desinit.
595 2368 816 2411 Abdomen
838 2368 1061 2419 mediocre,
1092 2367 1277 2418 nitidum,
1311 2367 1439 2409 dorso
1463 2368 1560 2410 sub-

163 2444 290 2485 tiliter
319 2442 622 2500 punctulatum,
658 2450 865 2499 punctura
897 2441 1110 2498 marginali
1140 2443 1379 2498 praesertim
1412 2442 1560 2498 apicali

166 2517 426 2559 distinctiori.
479 2518 642 2559 Venter
671 2517 931 2559 laevissimus
963 2519 1030 2558 vix
1054 2516 1345 2572 punctulatus;
1377 2531 1562 2572 segmen-

165 2598 251 2633 tum
282 2591 471 2633 ultimum
504 2592 620 2634 disco
654 2592 885 2634 confertius
916 2591 1219 2648 punctulatum.
