1695 3241
205 260 263 301 96
754 252 1057 310 Chrysididae.

293 375 411 415 Hanc
446 371 674 420 Familiam,
705 384 752 411 ex
783 369 947 411 Ordine
978 370 1394 425 Hymenopterorum
1426 369 1602 426 Chrysi-

206 447 442 488 diformium
483 443 704 499 speciebus
747 442 1136 498 locupletissimam,
1184 445 1225 484 in
1270 443 1393 499 plura
1433 444 1604 486 Genera

207 521 378 561 divisam
408 517 565 559 habere
596 516 825 559 voluerunt
857 517 1140 572 Systematici,
1173 519 1293 572 cujus
1325 518 1603 574 rei”exempla

206 599 304 634 sunt
332 591 568 649 Chry-sura,
596 590 800 648 Cymen-a,
829 591 1023 649 Chrysis,
1040 591 1325 648 Platycoelia,
1344 591 1603 648 Pyrosoma,

204 666 554 718 Poecihechroa,
593 665 748 722 Pyr-ia,
779 662 1070 721 Nemophora,
1103 664 1369 720 Spintharis,
1402 665 1603 719 Stilbum,

205 748 245 782 et
276 740 452 781 forsitan
483 739 620 780 adhuc
649 739 782 795 plura.
836 738 919 780 Sed
942 747 1183 789 caractereS,
1216 752 1294 794 pro
1322 738 1403 780 illis
1435 754 1603 781 enume-

202 816 299 856 ratis
322 812 563 856 Generibus
585 811 818 855 condendis
842 819 882 854 et
903 812 1174 863 stabiliendis,
1205 815 1415 869 propositi
1442 812 1469 854 l.
1492 813 1601 855 adeo

202 886 444 929 absconditi
483 886 670 936 fuerunt,
710 885 736 927 l.
768 900 845 941 per
883 887 1037 928 formas
1076 889 1255 942 partium
1289 886 1503 928 luxuriose
1533 902 1604 928 va-

201 960 370 1002 riabiles
411 959 519 1001 adeo
560 959 825 1000 confluentes
865 966 939 1000 aut
979 966 1295 1009 evanescentes,
1343 967 1390 1001 ut
1431 960 1602 1002 Genera

203 1033 410 1091 ejusmodi
437 1032 720 1074 fundamentis
753 1033 872 1072 enixa
903 1034 1046 1087 potius
1078 1032 1130 1073 ad
1162 1032 1457 1074 confusionem
1480 1048 1601 1088 quam

203 1108 256 1150 ad
296 1107 616 1164 explicationem
648 1106 892 1161 Systematis
934 1105 1101 1148 ducant.
1162 1106 1291 1162 Igitur
1324 1108 1515 1161 quaestio
1548 1106 1601 1148 de

200 1183 324 1237 copia
348 1181 564 1223 Generum
595 1181 720 1236 hujus
752 1179 931 1221 familiae
963 1181 1136 1222 omnino
1168 1179 1271 1221 nihil
1301 1179 1444 1222 valere
1474 1179 1601 1222 nobis

199 1254 379 1296 videtur.
458 1256 511 1295 Et
550 1268 595 1295 re
634 1268 733 1295 vera
772 1252 1064 1295 tantummodo
1103 1252 1191 1295 duo
1231 1253 1258 1295 l.
1291 1253 1344 1295 ad
1382 1256 1602 1296 maximum

198 1329 275 1369 tria
316 1328 486 1370 Genera
526 1329 568 1368 in
607 1328 686 1369 hac
725 1326 879 1368 familia
928 1326 1113 1369 ostendit
1159 1330 1252 1384 ipsa
1298 1334 1466 1379 natura,
1512 1327 1600 1370 scil.

201 1401 458 1459 Chrysidem
497 1402 628 1452 Latr.,
669 1401 950 1457 Spintharem
989 1401 1058 1443 Kl.
1098 1405 1253 1455 (sensu
1292 1404 1518 1454 strictiori)
1560 1409 1601 1443 et

197 1474 381 1518 Stilbum
411 1477 522 1517 Latr.
