1695 3241
542 264 582 304 6.
646 262 931 322 Hedyclorum.
1377 266 1435 307 65

35 367 208 429 tectum;
240 381 283 421 in
314 379 482 421 Prussia
514 379 567 421 ad
599 379 844 423 Berolinum
866 381 920 423 D.
942 381 997 422 D.
1020 379 1198 423 Bouche
1223 387 1264 423 et
1284 380 1434 437 lang,-

34 457 77 498 in
107 455 255 497 Silesia
286 452 339 494 ad
371 453 620 510 Glogaviam
651 455 706 497 D.
746 455 900 497 Zeller.

120 528 342 571 Observ.
393 528 611 570 Structura
639 536 679 571 et
703 529 918 585 sculptura
941 529 1156 586 Hedyclm
1179 531 1367 574 lucidata
1389 537 1432 582 0⁷⁸

32 603 294 645 simillimum.
356 602 526 658 Corpus
560 603 703 644 fusco·
735 610 777 645 et
808 603 1196 659 cinereo—pilosum
1228 612 1269 646 et
1299 605 1432 661 pube-

32 692 165 720 scens.
210 678 358 726 Frons,
387 683 540 727 vertex,
572 684 800 733 pronotum
823 684 863 718 et
886 677 1104 718 dorsulum
1126 678 1430 721 confertissime

30 749 613 808 punctulato-subreticulata
653 751 678 793 l.
711 750 1010 807 subgranulata
1051 766 1184 807 opaca
1219 752 1429 795 subarida.

30 825 262 868 Scutellum
301 824 619 881 postscutellum
660 833 701 867 et
739 825 1033 881 mesopleurae
1073 825 1200 867 lobus
1232 828 1430 869 normalis

29 899 195 942 modice
217 913 354 940 crasse
375 899 829 955 punctam-reticulata.
883 900 1086 942 Thoracis
1108 899 1279 942 dorsum
1309 904 1430 943 etiam

29 981 77 1015 ut
111 976 156 1016 in
185 973 402 1031 Hedychr.
434 975 622 1016 lucidulo
661 976 788 1030 magis
828 973 1072 1030 depressum
1112 989 1236 1030 quam
1277 989 1432 1017 conve-

29 1062 136 1089 xum.
181 1047 456 1090 Mandibulae
486 1050 604 1103 apice
635 1048 924 1104 rufo-piceae.
981 1047 1138 1103 Clypei
1168 1063 1310 1104 margo
1342 1052 1430 1104 api-

28 1120 130 1162 calis
154 1120 380 1163 vtruncatus
421 1123 730 1178 nigro-piceus.
794 1121 963 1165 Cavitas
995 1121 1152 1162 facialis
1184 1136 1207 1163 a
1238 1129 1429 1163 stemma-

26 1194 139 1237 tibus
170 1202 234 1236 sat
263 1204 435 1246 remota,
467 1197 687 1238 confertim
710 1203 945 1239 transverse
970 1198 1158 1252 strigosa.
1206 1196 1427 1238 Antennae

25 1268 176 1311 breves
207 1269 452 1311 normaliter
480 1272 631 1326 pictae.
683 1272 916 1312 Pronotum
948 1271 1130 1312 foveolis
1151 1272 1178 1312 2
1201 1269 1426 1312 obsoletis:

25 1357 109 1384 una
148 1345 341 1399 marginis
381 1345 507 1385 antici
549 1344 723 1386 centrali
765 1352 1019 1395 transversa,
1068 1344 1197 1386 altera
1235 1344 1428 1387 mediana

24 1415 332 1472 longitudinali.
395 1419 544 1459 Pectus
576 1426 710 1460 totuin
743 1419 952 1460 subtiliter
982 1421 1231 1460 coriaceum.
1290 1418 1425 1461 Pedes

22 1490 331 1546 viridi-cyanei
369 1494 490 1533 tarsis
530 1491 973 1534 testaceo—brunneis.
1049 1492 1219 1532 Alarum
1260 1493 1426 1548 tegulae

22 1565 322 1620 nigro-fuscae
342 1567 461 1607 venis
481 1565 508 1607 l.
530 1565 657 1608 fuscis
679 1567 706 1609 l.
728 1566 952 1616 brunneis3
984 1565 1138 1607 venula
1159 1572 1427 1608 transverso-

21 1639 188 1681 mediali
218 1639 370 1682 leniter
399 1641 771 1683 arcuato-inflexa.
823 1640 1047 1682 Abdomen
1079 1639 1162 1681 late
1185 1640 1428 1683 ovato-ob-

21 1721 179 1764 tusum,
217 1713 310 1755 basi
347 1721 651 1766 transversum,
695 1717 878 1771 margine
918 1714 1068 1771 apicali
1107 1713 1160 1755 ad
1200 1721 1424 1771 utrumque

20 1787 130 1829 latus
169 1787 324 1844 angulo
369 1790 530 1830 minuto
573 1788 774 1831 obsoleto
822 1788 1135 1839 obtusiusculo,
1181 1787 1313 1830 dorso
1354 1788 1424 1830 de-

21 1876 441 1918 presso-convexum
462 1862 827 1918 viridi-cyaneum
859 1863 1036 1904 nitidum
1067 1861 1286 1903 confertim
1319 1876 1425 1917 pun-

22 1935 242 1985 ctulatum;
267 1942 525 1991 segmentum
542 1936 685 1976 32tium
709 1938 819 1977 inter
835 1935 993 1977 discum
1017 1942 1057 1977 et
1078 1937 1237 1991 apicem
1260 1934 1313 1977 ab
1334 1951 1421 1978 uno

21 2011 205 2065 margine
239 2009 403 2051 laterali
433 2008 487 2050 ad
518 2008 694 2051 alterum
733 2009 845 2051 linea
880 2015 1319 2052 transverso-arcuata
1350 2012 1422 2050 mi-

20 2097 98 2125 nus
120 2082 392 2126 determinata
424 2085 679 2140 impressum.
720 2083 884 2125 Venter
913 2085 1198 2140 nigro-piceus
1221 2081 1391 2125 nitidus.

301 2216 368 2255 36.
421 2215 726 2268 Hedychrum
754 2216 974 2255 timidum
1002 2216 1132 2255 lem.

105 2306 377 2363 Subparvum
400 2307 445 2361 Ιὲ
467 2307 540 2348 lin.
573 2307 767 2350 decimal.
800 2309 917 2363 long.
947 2308 1112 2349 viride.-
1140 2309 1299 2348 vertice
1330 2306 1421 2348 tho-

17 2383 216 2438 racisque
255 2381 386 2423 dorso
425 2381 578 2422 nitidis
618 2381 847 2436 confertim
877 2382 1043 2422 modice
1064 2381 1419 2437 punctulum-re-

17 2456 221 2509 ticulatis,
254 2455 496 2497 abdominis
526 2457 737 2510 segmenti
762 2457 860 2497 3:152'
878 2456 1078 2510 margine
1100 2455 1262 2510 apieali
1281 2457 1418 2497 utrin-

18 2545 99 2586 que
136 2531 297 2586 angulo
336 2531 623 2572 minutissimo
663 2529 993 2581 obsoletissimo,
1035 2529 1120 2571 alis
1159 2529 1254 2572 basi
1282 2529 1417 2587 hyali-

15 2605 86 2646 m's
115 2611 202 2647 tum
231 2604 436 2647 sordidis.

61 2689 102 2724 Π.
1122 2679 1148 2719 5
