<?xml version="1.0" encoding="UTF-8"?>
<!DOCTYPE html PUBLIC "-//W3C//DTD XHTML 1.0 Transitional//EN"
    "http://www.w3.org/TR/xhtml1/DTD/xhtml1-transitional.dtd">
<html xmlns="http://www.w3.org/1999/xhtml" xml:lang="en" lang="en">
 <head>
  <title>
</title>
<meta http-equiv="Content-Type" content="text/html;charset=utf-8" />
  <meta name='ocr-system' content='tesseract 3.04.00' />
  <meta name='ocr-capabilities' content='ocr_page ocr_carea ocr_par ocr_line ocrx_word'/>
</head>
<body>
  <div class='ocr_page' id='page_1' title='image "./hymenopteraeurop02dahl_0278.png"; bbox 0 0 1695 3241; ppageno 0'>
   <div class='ocr_carea' id='block_1_1' title="bbox 177 279 1415 337">
    <p class='ocr_par' dir='ltr' id='par_1_1' title="bbox 177 279 1415 337">
     <span class='ocr_line' id='line_1_1' title="bbox 177 279 1415 337; baseline -0.003 -11"><span class='ocrx_word' id='word_1_1' title='bbox 177 284 262 326; x_wconf 79' lang='lat'>224</span> <span class='ocrx_word' id='word_1_2' title='bbox 353 283 512 325; x_wconf 73' lang='lat' dir='ltr'>Famtl.</span> <span class='ocrx_word' id='word_1_3' title='bbox 534 279 832 337; x_wconf 71' lang='lat' dir='ltr'>Clarysiclidae.</span> <span class='ocrx_word' id='word_1_4' title='bbox 871 279 1074 337; x_wconf 70' lang='lat' dir='ltr'>Chrysis.-</span> <span class='ocrx_word' id='word_1_5' title='bbox 1105 280 1311 322; x_wconf 72' lang='lat' dir='ltr'>Phalanx</span> <span class='ocrx_word' id='word_1_6' title='bbox 1339 281 1415 322; x_wconf 85' lang='lat' dir='ltr'>VI.</span> 
     </span>
    </p>
   </div>
   <div class='ocr_carea' id='block_1_2' title="bbox 177 396 1576 527">
    <p class='ocr_par' dir='ltr' id='par_1_2' title="bbox 177 396 1576 527">
     <span class='ocr_line' id='line_1_2' title="bbox 177 396 1576 452; baseline -0.001 -10"><span class='ocrx_word' id='word_1_7' title='bbox 177 400 297 442; x_wconf 76' lang='lat' dir='ltr'>vibus</span> <span class='ocrx_word' id='word_1_8' title='bbox 326 398 513 439; x_wconf 66' lang='lat' dir='ltr'>robustis</span> <span class='ocrx_word' id='word_1_9' title='bbox 542 396 904 451; x_wconf 76' lang='lat' dir='ltr'><strong><em>triangularibus,</em></strong></span> <span class='ocrx_word' id='word_1_10' title='bbox 944 399 1282 452; x_wconf 73' lang='lat' dir='ltr'>emarginalurt&#39;s</span> <span class='ocrx_word' id='word_1_11' title='bbox 1311 397 1477 440; x_wconf 76' lang='lat' dir='ltr'>modice</span> <span class='ocrx_word' id='word_1_12' title='bbox 1505 414 1576 441; x_wconf 82' lang='lat' dir='ltr'>ar-</span> 
     </span>
     <span class='ocr_line' id='line_1_3' title="bbox 177 470 688 527; baseline -0.008 -12"><span class='ocrx_word' id='word_1_13' title='bbox 177 475 317 515; x_wconf 73' lang='lat' dir='ltr'>cuatis</span> <span class='ocrx_word' id='word_1_14' title='bbox 346 470 688 527; x_wconf 65' lang='lat' dir='ltr'>subaequalibue.</span> 
     </span>
    </p>
   </div>
   <div class='ocr_carea' id='block_1_3' title="bbox 248 576 1552 680">
    <p class='ocr_par' dir='ltr' id='par_1_3' title="bbox 248 576 1552 680">
     <span class='ocr_line' id='line_1_4' title="bbox 248 576 994 621; baseline 0.001 -11"><span class='ocrx_word' id='word_1_15' title='bbox 248 576 394 621; x_wconf 75' lang='lat' dir='ltr'><em>Chrysis</em></span> <span class='ocrx_word' id='word_1_16' title='bbox 419 578 514 610; x_wconf 79' lang='lat' dir='ltr'>laeta</span> <span class='ocrx_word' id='word_1_17' title='bbox 538 577 676 619; x_wconf 75' lang='lat' dir='ltr'>Dracge.</span> <span class='ocrx_word' id='word_1_18' title='bbox 702 577 792 610; x_wconf 85' lang='lat' dir='ltr'>Mus.</span> <span class='ocrx_word' id='word_1_19' title='bbox 816 577 994 621; x_wconf 81' lang='lat' dir='ltr'>Spinolae.</span> 
     </span>
     <span class='ocr_line' id='line_1_5' title="bbox 248 633 1552 680; baseline 0.001 -12"><span class='ocrx_word' id='word_1_20' title='bbox 248 635 393 680; x_wconf 76' lang='lat' dir='ltr'><strong><em>Chrysis</em></strong></span> <span class='ocrx_word' id='word_1_21' title='bbox 417 635 646 669; x_wconf 75' lang='lat' dir='ltr'>malachitica</span> <span class='ocrx_word' id='word_1_22' title='bbox 671 635 759 668; x_wconf 83' lang='lat' dir='ltr'>Mus.</span> <span class='ocrx_word' id='word_1_23' title='bbox 786 634 932 668; x_wconf 80' lang='lat' dir='ltr'>Berolin.</span> <span class='ocrx_word' id='word_1_24' title='bbox 958 635 1089 667; x_wconf 82' lang='lat' dir='ltr'>secund.</span> <span class='ocrx_word' id='word_1_25' title='bbox 1114 634 1160 666; x_wconf 93' lang='lat' dir='ltr'>D.</span> <span class='ocrx_word' id='word_1_26' title='bbox 1180 633 1345 669; x_wconf 82' lang='lat' dir='ltr'>Drewsen</span> <span class='ocrx_word' id='word_1_27' title='bbox 1369 633 1402 666; x_wconf 79' lang='lat' dir='ltr'>in</span> <span class='ocrx_word' id='word_1_28' title='bbox 1429 634 1552 669; x_wconf 78' lang='lat' dir='ltr'>litteris.</span> 
     </span>
    </p>
   </div>
   <div class='ocr_carea' id='block_1_4' title="bbox 175 726 1581 2473">
    <p class='ocr_par' dir='ltr' id='par_1_4' title="bbox 176 726 1571 857">
     <span class='ocr_line' id='line_1_6' title="bbox 265 726 1571 783; baseline 0.001 -16"><span class='ocrx_word' id='word_1_29' title='bbox 265 726 445 771; x_wconf 77' lang='lat' dir='ltr'><em>Habitat</em></span> <span class='ocrx_word' id='word_1_30' title='bbox 475 728 517 768; x_wconf 88' lang='lat' dir='ltr'>in</span> <span class='ocrx_word' id='word_1_31' title='bbox 541 729 837 783; x_wconf 84' lang='lat' dir='ltr'>promontorio</span> <span class='ocrx_word' id='word_1_32' title='bbox 860 726 1001 768; x_wconf 86' lang='lat' dir='ltr'>bonae</span> <span class='ocrx_word' id='word_1_33' title='bbox 1025 729 1126 782; x_wconf 88' lang='lat' dir='ltr'>spei,</span> <span class='ocrx_word' id='word_1_34' title='bbox 1159 727 1211 768; x_wconf 92' lang='lat' dir='ltr'>D.</span> <span class='ocrx_word' id='word_1_35' title='bbox 1236 727 1431 782; x_wconf 76' lang='lat' dir='ltr'>Draege,</span> <span class='ocrx_word' id='word_1_36' title='bbox 1463 727 1571 768; x_wconf 83' lang='lat' dir='ltr'>Mus.</span> 
     </span>
     <span class='ocr_line' id='line_1_7' title="bbox 176 801 1510 857; baseline 0.001 -16"><span class='ocrx_word' id='word_1_37' title='bbox 176 801 275 842; x_wconf 87' lang='lat' dir='ltr'>DD.</span> <span class='ocrx_word' id='word_1_38' title='bbox 297 802 510 843; x_wconf 77' lang='lat' dir='ltr'>Drewsen</span> <span class='ocrx_word' id='word_1_39' title='bbox 535 808 575 842; x_wconf 90' lang='lat' dir='ltr'>et</span> <span class='ocrx_word' id='word_1_40' title='bbox 597 801 805 857; x_wconf 75' lang='lat' dir='ltr'>Spiuola3</span> <span class='ocrx_word' id='word_1_41' title='bbox 835 803 878 842; x_wconf 90' lang='lat' dir='ltr'>in</span> <span class='ocrx_word' id='word_1_42' title='bbox 901 801 1080 851; x_wconf 90' lang='lat' dir='ltr'>Guinea,</span> <span class='ocrx_word' id='word_1_43' title='bbox 1111 801 1164 841; x_wconf 92' lang='lat' dir='ltr'>D.</span> <span class='ocrx_word' id='word_1_44' title='bbox 1195 801 1510 843; x_wconf 55' lang='lat' dir='ltr'>{Vestermanw</span> 
     </span>
    </p>

    <p class='ocr_par' dir='ltr' id='par_1_5' title="bbox 175 874 1581 2473">
     <span class='ocr_line' id='line_1_8' title="bbox 266 874 1576 931; baseline -0.001 -14"><span class='ocrx_word' id='word_1_45' title='bbox 266 875 487 917; x_wconf 82' lang='lat' dir='ltr'>Observ.</span> <span class='ocrx_word' id='word_1_46' title='bbox 526 881 568 925; x_wconf 83' lang='grc' dir='ltr'>ῼ.</span> <span class='ocrx_word' id='word_1_47' title='bbox 631 874 801 931; x_wconf 87' lang='lat' dir='ltr'>Corpus</span> <span class='ocrx_word' id='word_1_48' title='bbox 841 874 1298 929; x_wconf 74' lang='lat' dir='ltr'>cinereo-pilosellam.</span> <span class='ocrx_word' id='word_1_49' title='bbox 1362 875 1504 931; x_wconf 88' lang='lat' dir='ltr'>Caput</span> <span class='ocrx_word' id='word_1_50' title='bbox 1536 881 1576 917; x_wconf 86' lang='lat' dir='ltr'>et</span> 
     </span>
     <span class='ocr_line' id='line_1_9' title="bbox 176 947 1575 1005; baseline 0.001 -16"><span class='ocrx_word' id='word_1_51' title='bbox 176 950 321 991; x_wconf 80' lang='lat' dir='ltr'>thorax</span> <span class='ocrx_word' id='word_1_52' title='bbox 353 963 490 990; x_wconf 85' lang='lat' dir='ltr'>crasse</span> <span class='ocrx_word' id='word_1_53' title='bbox 521 955 594 989; x_wconf 84' lang='lat' dir='ltr'>aut</span> <span class='ocrx_word' id='word_1_54' title='bbox 624 948 844 990; x_wconf 87' lang='lat' dir='ltr'>subcrasse</span> <span class='ocrx_word' id='word_1_55' title='bbox 865 947 1398 1003; x_wconf 78' lang='lat' dir='ltr'>punctato-subreticulata,</span> <span class='ocrx_word' id='word_1_56' title='bbox 1436 948 1575 1005; x_wconf 87' lang='lat' dir='ltr'>Caput</span> 
     </span>
     <span class='ocr_line' id='line_1_10' title="bbox 175 1021 1577 1074; baseline 0.001 -10"><span class='ocrx_word' id='word_1_57' title='bbox 175 1022 285 1064; x_wconf 84' lang='lat' dir='ltr'>laete</span> <span class='ocrx_word' id='word_1_58' title='bbox 314 1022 468 1074; x_wconf 85' lang='lat' dir='ltr'>viride,</span> <span class='ocrx_word' id='word_1_59' title='bbox 509 1024 676 1064; x_wconf 88' lang='lat' dir='ltr'>verticis</span> <span class='ocrx_word' id='word_1_60' title='bbox 718 1021 881 1063; x_wconf 87' lang='lat' dir='ltr'>macula</span> <span class='ocrx_word' id='word_1_61' title='bbox 913 1022 1107 1064; x_wconf 82' lang='lat' dir='ltr'>centralis</span> <span class='ocrx_word' id='word_1_62' title='bbox 1138 1037 1281 1064; x_wconf 86' lang='lat' dir='ltr'>aenea.</span> <span class='ocrx_word' id='word_1_63' title='bbox 1345 1023 1577 1074; x_wconf 89' lang='lat' dir='ltr'>Antennae,</span> 
     </span>
     <span class='ocr_line' id='line_1_11' title="bbox 177 1096 1577 1152; baseline 0.001 -15"><span class='ocrx_word' id='word_1_64' title='bbox 177 1096 354 1152; x_wconf 80' lang='lat' dir='ltr'>clypeus</span> <span class='ocrx_word' id='word_1_65' title='bbox 401 1103 442 1139; x_wconf 87' lang='lat' dir='ltr'>et</span> <span class='ocrx_word' id='word_1_66' title='bbox 483 1096 751 1138; x_wconf 81' lang='lat' dir='ltr'><strong>mandibulae</strong></span> <span class='ocrx_word' id='word_1_67' title='bbox 796 1096 1025 1146; x_wconf 86' lang='lat' dir='ltr'>normales;</span> <span class='ocrx_word' id='word_1_68' title='bbox 1077 1099 1230 1138; x_wconf 84' lang='lat' dir='ltr'>cavitas</span> <span class='ocrx_word' id='word_1_69' title='bbox 1277 1096 1435 1138; x_wconf 86' lang='lat' dir='ltr'>facialis</span> <span class='ocrx_word' id='word_1_70' title='bbox 1478 1097 1577 1139; x_wconf 90' lang='lat' dir='ltr'>sub-</span> 
     </span>
     <span class='ocr_line' id='line_1_12' title="bbox 176 1170 1578 1227; baseline 0.001 -16"><span class='ocrx_word' id='word_1_71' title='bbox 176 1171 473 1227; x_wconf 83' lang='lat' dir='ltr'>rectaugularis</span> <span class='ocrx_word' id='word_1_72' title='bbox 512 1170 809 1227; x_wconf 87' lang='lat' dir='ltr'>subprofunda</span> <span class='ocrx_word' id='word_1_73' title='bbox 840 1171 1061 1213; x_wconf 83' lang='lat' dir='ltr'>confertim</span> <span class='ocrx_word' id='word_1_74' title='bbox 1093 1171 1578 1227; x_wconf 85' lang='lat' dir='ltr'>punctulato-coriacea,</span> 
     </span>
     <span class='ocr_line' id='line_1_13' title="bbox 176 1244 1577 1302; baseline 0 -17"><span class='ocrx_word' id='word_1_75' title='bbox 176 1260 359 1301; x_wconf 79' lang='lat' dir='ltr'>superne</span> <span class='ocrx_word' id='word_1_76' title='bbox 390 1252 626 1287; x_wconf 82' lang='lat' dir='ltr'>transverse</span> <span class='ocrx_word' id='word_1_77' title='bbox 657 1248 902 1302; x_wconf 79' lang='lat' dir='ltr'>marginata:</span> <span class='ocrx_word' id='word_1_78' title='bbox 932 1247 1116 1301; x_wconf 79' lang='lat' dir='ltr'>margine</span> <span class='ocrx_word' id='word_1_79' title='bbox 1146 1244 1296 1287; x_wconf 87' lang='lat' dir='ltr'>leniter</span> <span class='ocrx_word' id='word_1_80' title='bbox 1319 1253 1359 1287; x_wconf 88' lang='lat' dir='ltr'>et</span> <span class='ocrx_word' id='word_1_81' title='bbox 1379 1248 1577 1301; x_wconf 86' lang='lat' dir='ltr'>inaequa-</span> 
     </span>
     <span class='ocr_line' id='line_1_14' title="bbox 176 1318 1579 1362; baseline 0.001 -3"><span class='ocrx_word' id='word_1_82' title='bbox 176 1319 271 1360; x_wconf 82' lang='lat' dir='ltr'>liter</span> <span class='ocrx_word' id='word_1_83' title='bbox 309 1326 494 1362; x_wconf 80' lang='lat' dir='ltr'>arcuato.</span> <span class='ocrx_word' id='word_1_84' title='bbox 553 1320 732 1362; x_wconf 89' lang='lat' dir='ltr'>Dorsuli</span> <span class='ocrx_word' id='word_1_85' title='bbox 771 1335 867 1362; x_wconf 86' lang='lat' dir='ltr'>area</span> <span class='ocrx_word' id='word_1_86' title='bbox 906 1320 1042 1362; x_wconf 89' lang='lat' dir='ltr'>media</span> <span class='ocrx_word' id='word_1_87' title='bbox 1073 1319 1191 1361; x_wconf 89' lang='lat' dir='ltr'>disco</span> <span class='ocrx_word' id='word_1_88' title='bbox 1222 1320 1417 1362; x_wconf 87' lang='lat' dir='ltr'>nonnihil</span> <span class='ocrx_word' id='word_1_89' title='bbox 1446 1318 1579 1361; x_wconf 85' lang='lat' dir='ltr'>viola-</span> 
     </span>
     <span class='ocr_line' id='line_1_15' title="bbox 178 1393 1577 1451; baseline 0.001 -17"><span class='ocrx_word' id='word_1_90' title='bbox 178 1395 478 1435; x_wconf 84' lang='lat' dir='ltr'>ceo-irrorata.</span> <span class='ocrx_word' id='word_1_91' title='bbox 550 1394 799 1436; x_wconf 86' lang='lat' dir='ltr'>Abdominis</span> <span class='ocrx_word' id='word_1_92' title='bbox 839 1401 1036 1451; x_wconf 82' lang='lat' dir='ltr'>segment.</span> <span class='ocrx_word' id='word_1_93' title='bbox 1070 1393 1224 1435; x_wconf 90' lang='lat' dir='ltr'>dorsal.</span> <span class='ocrx_word' id='word_1_94' title='bbox 1261 1397 1425 1436; x_wconf 78' lang='lat' dir='ltr'>lzmum</span> <span class='ocrx_word' id='word_1_95' title='bbox 1469 1393 1577 1435; x_wconf 86' lang='lat' dir='ltr'>laete</span> 
     </span>
     <span class='ocr_line' id='line_1_16' title="bbox 177 1466 1578 1525; baseline 0 -17"><span class='ocrx_word' id='word_1_96' title='bbox 177 1467 310 1509; x_wconf 78' lang='lat' dir='ltr'>viride</span> <span class='ocrx_word' id='word_1_97' title='bbox 331 1468 553 1510; x_wconf 87' lang='lat' dir='ltr'>subcrasse</span> <span class='ocrx_word' id='word_1_98' title='bbox 574 1476 832 1525; x_wconf 89' lang='lat' dir='ltr'>punctatum,</span> <span class='ocrx_word' id='word_1_99' title='bbox 862 1469 1015 1510; x_wconf 80' lang='lat' dir='ltr'>2:dum</span> <span class='ocrx_word' id='word_1_100' title='bbox 1038 1466 1578 1510; x_wconf 78' lang='lat' dir='ltr'>subeoerulescenti-viride</span> 
     </span>
     <span class='ocr_line' id='line_1_17' title="bbox 178 1540 1576 1598; baseline 0.001 -17"><span class='ocrx_word' id='word_1_101' title='bbox 178 1540 342 1582; x_wconf 90' lang='lat' dir='ltr'>modice</span> <span class='ocrx_word' id='word_1_102' title='bbox 363 1549 618 1597; x_wconf 81' lang='lat' dir='ltr'>punctatum,</span> <span class='ocrx_word' id='word_1_103' title='bbox 647 1544 806 1584; x_wconf 78' lang='lat' dir='ltr'>3ztium</span> <span class='ocrx_word' id='word_1_104' title='bbox 829 1543 1050 1584; x_wconf 87' lang='lat' dir='ltr'>confertim</span> <span class='ocrx_word' id='word_1_105' title='bbox 1071 1543 1576 1598; x_wconf 87' lang='lat' dir='ltr'>punctulato-coriaceum</span> 
     </span>
     <span class='ocr_line' id='line_1_18' title="bbox 179 1615 1578 1672; baseline 0.001 -17"><span class='ocrx_word' id='word_1_106' title='bbox 179 1630 386 1670; x_wconf 85' lang='lat' dir='ltr'>cyaneum</span> <span class='ocrx_word' id='word_1_107' title='bbox 419 1618 537 1671; x_wconf 86' lang='lat' dir='ltr'>apice</span> <span class='ocrx_word' id='word_1_108' title='bbox 567 1618 725 1666; x_wconf 85' lang='lat' dir='ltr'>virens,</span> <span class='ocrx_word' id='word_1_109' title='bbox 765 1631 905 1672; x_wconf 78' lang='lat' dir='ltr'>margo</span> <span class='ocrx_word' id='word_1_110' title='bbox 936 1619 1024 1658; x_wconf 88' lang='lat' dir='ltr'>sive</span> <span class='ocrx_word' id='word_1_111' title='bbox 1055 1619 1171 1672; x_wconf 80' lang='lat' dir='ltr'>regio</span> <span class='ocrx_word' id='word_1_112' title='bbox 1204 1615 1373 1672; x_wconf 87' lang='lat' dir='ltr'>apicalis</span> <span class='ocrx_word' id='word_1_113' title='bbox 1404 1617 1578 1671; x_wconf 78' lang='lat' dir='ltr'>regione</span> 
     </span>
     <span class='ocr_line' id='line_1_19' title="bbox 178 1688 1578 1746; baseline 0 -17"><span class='ocrx_word' id='word_1_114' title='bbox 178 1688 311 1730; x_wconf 85' lang='lat' dir='ltr'>basali</span> <span class='ocrx_word' id='word_1_115' title='bbox 355 1690 548 1731; x_wconf 91' lang='lat' dir='ltr'>nonnihil</span> <span class='ocrx_word' id='word_1_116' title='bbox 585 1690 799 1742; x_wconf 88' lang='lat' dir='ltr'>humilior,</span> <span class='ocrx_word' id='word_1_117' title='bbox 845 1691 942 1732; x_wconf 90' lang='lat' dir='ltr'>hinc</span> <span class='ocrx_word' id='word_1_118' title='bbox 980 1692 1108 1732; x_wconf 85' lang='lat' dir='ltr'>series</span> <span class='ocrx_word' id='word_1_119' title='bbox 1149 1690 1318 1746; x_wconf 84' lang='lat' dir='ltr'>apicalis</span> <span class='ocrx_word' id='word_1_120' title='bbox 1359 1691 1477 1746; x_wconf 82' lang='lat' dir='ltr'>quasi</span> <span class='ocrx_word' id='word_1_121' title='bbox 1508 1691 1578 1730; x_wconf 90' lang='lat' dir='ltr'>im-</span> 
     </span>
     <span class='ocr_line' id='line_1_20' title="bbox 178 1763 1579 1820; baseline 0.001 -17"><span class='ocrx_word' id='word_1_122' title='bbox 178 1777 322 1814; x_wconf 86' lang='lat' dir='ltr'>mersa,</span> <span class='ocrx_word' id='word_1_123' title='bbox 354 1763 535 1804; x_wconf 84' lang='lat' dir='ltr'>foveolis</span> <span class='ocrx_word' id='word_1_124' title='bbox 567 1766 801 1806; x_wconf 85' lang='lat' dir='ltr'>numerosis</span> <span class='ocrx_word' id='word_1_125' title='bbox 831 1764 1126 1820; x_wconf 83' lang='lat' dir='ltr'>inaequalibus</span> <span class='ocrx_word' id='word_1_126' title='bbox 1147 1764 1235 1805; x_wconf 88' lang='lat' dir='ltr'>scil.</span> <span class='ocrx_word' id='word_1_127' title='bbox 1257 1763 1475 1805; x_wconf 90' lang='lat' dir='ltr'>nonnullis</span> <span class='ocrx_word' id='word_1_128' title='bbox 1497 1778 1579 1805; x_wconf 93' lang='lat' dir='ltr'>me-</span> 
     </span>
     <span class='ocr_line' id='line_1_21' title="bbox 179 1836 1580 1894; baseline 0.001 -17"><span class='ocrx_word' id='word_1_129' title='bbox 179 1836 394 1877; x_wconf 87' lang='lat' dir='ltr'>diocribus</span> <span class='ocrx_word' id='word_1_130' title='bbox 435 1844 476 1878; x_wconf 87' lang='lat' dir='ltr'>et</span> <span class='ocrx_word' id='word_1_131' title='bbox 512 1838 728 1879; x_wconf 87' lang='lat' dir='ltr'>nonnullis</span> <span class='ocrx_word' id='word_1_132' title='bbox 759 1841 910 1894; x_wconf 86' lang='lat' dir='ltr'>parvis,</span> <span class='ocrx_word' id='word_1_133' title='bbox 948 1852 1090 1893; x_wconf 84' lang='lat' dir='ltr'>margo</span> <span class='ocrx_word' id='word_1_134' title='bbox 1121 1837 1304 1879; x_wconf 87' lang='lat' dir='ltr'>lateralis</span> <span class='ocrx_word' id='word_1_135' title='bbox 1335 1851 1448 1893; x_wconf 88' lang='lat' dir='ltr'>poue</span> <span class='ocrx_word' id='word_1_136' title='bbox 1480 1836 1580 1878; x_wconf 88' lang='lat' dir='ltr'>den-</span> 
     </span>
     <span class='ocr_line' id='line_1_22' title="bbox 180 1910 1579 1966; baseline 0.001 -16"><span class='ocrx_word' id='word_1_137' title='bbox 180 1917 261 1951; x_wconf 84' lang='lat' dir='ltr'>tem</span> <span class='ocrx_word' id='word_1_138' title='bbox 303 1913 548 1952; x_wconf 84' lang='lat' dir='ltr'>exteriorem</span> <span class='ocrx_word' id='word_1_139' title='bbox 588 1911 740 1954; x_wconf 85' lang='lat' dir='ltr'>leniter</span> <span class='ocrx_word' id='word_1_140' title='bbox 771 1919 973 1953; x_wconf 87' lang='lat' dir='ltr'>arcuatus.</span> <span class='ocrx_word' id='word_1_141' title='bbox 1035 1913 1200 1953; x_wconf 86' lang='lat' dir='ltr'>Venter</span> <span class='ocrx_word' id='word_1_142' title='bbox 1235 1910 1579 1966; x_wconf 83' lang='lat' dir='ltr'>viridi-cyaneus</span> 
     </span>
     <span class='ocr_line' id='line_1_23' title="bbox 180 1985 1581 2041; baseline 0.001 -17"><span class='ocrx_word' id='word_1_143' title='bbox 180 1990 251 2025; x_wconf 84' lang='lat' dir='ltr'>aut</span> <span class='ocrx_word' id='word_1_144' title='bbox 281 1986 373 2025; x_wconf 86' lang='lat' dir='ltr'>vice</span> <span class='ocrx_word' id='word_1_145' title='bbox 403 2000 534 2037; x_wconf 84' lang='lat' dir='ltr'>versa,</span> <span class='ocrx_word' id='word_1_146' title='bbox 574 1986 705 2041; x_wconf 88' lang='lat' dir='ltr'>pedes</span> <span class='ocrx_word' id='word_1_147' title='bbox 738 1986 990 2028; x_wconf 90' lang='lat' dir='ltr'>concolores</span> <span class='ocrx_word' id='word_1_148' title='bbox 1019 1988 1140 2027; x_wconf 86' lang='lat' dir='ltr'>tarsis</span> <span class='ocrx_word' id='word_1_149' title='bbox 1170 1986 1311 2027; x_wconf 86' lang='lat' dir='ltr'>fuscis.</span> <span class='ocrx_word' id='word_1_150' title='bbox 1374 1985 1477 2026; x_wconf 78' lang='lat' dir='ltr'>Alae</span> <span class='ocrx_word' id='word_1_151' title='bbox 1509 1992 1581 2026; x_wconf 89' lang='lat' dir='ltr'>aut</span> 
     </span>
     <span class='ocr_line' id='line_1_24' title="bbox 179 2057 1578 2116; baseline 0.002 -19"><span class='ocrx_word' id='word_1_152' title='bbox 179 2057 376 2113; x_wconf 85' lang='lat' dir='ltr'>hyalinae</span> <span class='ocrx_word' id='word_1_153' title='bbox 416 2067 488 2100; x_wconf 88' lang='lat' dir='ltr'>aut</span> <span class='ocrx_word' id='word_1_154' title='bbox 527 2060 698 2102; x_wconf 89' lang='lat' dir='ltr'>sordide</span> <span class='ocrx_word' id='word_1_155' title='bbox 728 2061 944 2116; x_wconf 86' lang='lat' dir='ltr'>hyalinae:</span> <span class='ocrx_word' id='word_1_156' title='bbox 984 2059 1137 2101; x_wconf 89' lang='lat' dir='ltr'>cellula</span> <span class='ocrx_word' id='word_1_157' title='bbox 1167 2059 1314 2101; x_wconf 85' lang='lat' dir='ltr'>radiali</span> <span class='ocrx_word' id='word_1_158' title='bbox 1344 2059 1578 2101; x_wconf 80' lang='lat' dir='ltr'>lanceolata</span> 
     </span>
     <span class='ocr_line' id='line_1_25' title="bbox 182 2132 1577 2190; baseline 0.001 -18"><span class='ocrx_word' id='word_1_159' title='bbox 182 2132 271 2172; x_wconf 90' lang='lat' dir='ltr'>aliis</span> <span class='ocrx_word' id='word_1_160' title='bbox 312 2132 540 2188; x_wconf 78' lang='lat' dir='ltr'>completa,</span> <span class='ocrx_word' id='word_1_161' title='bbox 584 2134 673 2175; x_wconf 87' lang='lat' dir='ltr'>aliis</span> <span class='ocrx_word' id='word_1_162' title='bbox 714 2134 1022 2190; x_wconf 85' lang='lat' dir='ltr'>subcompleta‚</span> <span class='ocrx_word' id='word_1_163' title='bbox 1069 2133 1159 2174; x_wconf 84' lang='lat' dir='ltr'>aliis</span> <span class='ocrx_word' id='word_1_164' title='bbox 1197 2133 1390 2174; x_wconf 84' lang='lat' dir='ltr'>distincte</span> <span class='ocrx_word' id='word_1_165' title='bbox 1423 2140 1577 2189; x_wconf 81' lang='lat' dir='ltr'>aperta.</span> 
     </span>
     <span class='ocr_line' id='line_1_26' title="bbox 181 2206 1580 2263; baseline 0.001 -17"><span class='ocrx_word' id='word_1_166' title='bbox 181 2206 286 2247; x_wconf 67' lang='lat' dir='ltr'>Illas</span> <span class='ocrx_word' id='word_1_167' title='bbox 307 2213 378 2247; x_wconf 81' lang='lat' dir='ltr'>aut</span> <span class='ocrx_word' id='word_1_168' title='bbox 399 2207 578 2249; x_wconf 83' lang='lat' dir='ltr'>feminae</span> <span class='ocrx_word' id='word_1_169' title='bbox 599 2208 841 2258; x_wconf 87' lang='lat' dir='ltr'>simillimus,</span> <span class='ocrx_word' id='word_1_170' title='bbox 863 2215 932 2249; x_wconf 88' lang='lat' dir='ltr'>aut</span> <span class='ocrx_word' id='word_1_171' title='bbox 953 2207 1227 2263; x_wconf 84' lang='lat' dir='ltr'>dignoscitur:</span> <span class='ocrx_word' id='word_1_172' title='bbox 1260 2221 1441 2263; x_wconf 86' lang='lat' dir='ltr'>corpore</span> <span class='ocrx_word' id='word_1_173' title='bbox 1463 2206 1580 2263; x_wconf 90' lang='lat' dir='ltr'>paul-</span> 
     </span>
     <span class='ocr_line' id='line_1_27' title="bbox 181 2280 1579 2333; baseline 0.001 -12"><span class='ocrx_word' id='word_1_174' title='bbox 181 2280 315 2322; x_wconf 91' lang='lat' dir='ltr'>lulum</span> <span class='ocrx_word' id='word_1_175' title='bbox 345 2281 554 2333; x_wconf 84' lang='lat' dir='ltr'>breviorc‚</span> <span class='ocrx_word' id='word_1_176' title='bbox 586 2281 823 2324; x_wconf 88' lang='lat' dir='ltr'>abdominis</span> <span class='ocrx_word' id='word_1_177' title='bbox 853 2281 983 2323; x_wconf 87' lang='lat' dir='ltr'>dorso</span> <span class='ocrx_word' id='word_1_178' title='bbox 1014 2281 1223 2323; x_wconf 82' lang='lat' dir='ltr'>interdum</span> <span class='ocrx_word' id='word_1_179' title='bbox 1246 2287 1337 2322; x_wconf 89' lang='lat' dir='ltr'>toto</span> <span class='ocrx_word' id='word_1_180' title='bbox 1359 2281 1579 2322; x_wconf 83' lang='lat' dir='ltr'>subcrassc</span> 
     </span>
     <span class='ocr_line' id='line_1_28' title="bbox 182 2355 1581 2412; baseline 0.002 -18"><span class='ocrx_word' id='word_1_181' title='bbox 182 2361 396 2409; x_wconf 72' lang='lat' dir='ltr'>punctam,</span> <span class='ocrx_word' id='word_1_182' title='bbox 427 2358 648 2412; x_wconf 82' lang='lat' dir='ltr'>segmentis</span> <span class='ocrx_word' id='word_1_183' title='bbox 679 2356 794 2398; x_wconf 72' lang='lat' dir='ltr'>22do</span> <span class='ocrx_word' id='word_1_184' title='bbox 828 2363 869 2397; x_wconf 87' lang='lat' dir='ltr'>et</span> <span class='ocrx_word' id='word_1_185' title='bbox 899 2356 1014 2397; x_wconf 78' lang='lat' dir='ltr'>3ztio</span> <span class='ocrx_word' id='word_1_186' title='bbox 1047 2355 1273 2398; x_wconf 86' lang='lat' dir='ltr'>dorsalium</span> <span class='ocrx_word' id='word_1_187' title='bbox 1305 2358 1402 2397; x_wconf 89' lang='lat' dir='ltr'>totis</span> <span class='ocrx_word' id='word_1_188' title='bbox 1433 2370 1581 2397; x_wconf 83' lang='lat' dir='ltr'>coeru-</span> 
     </span>
     <span class='ocr_line' id='line_1_29' title="bbox 185 2427 1028 2473; baseline 0.002 -4"><span class='ocrx_word' id='word_1_189' title='bbox 185 2427 258 2470; x_wconf 85' lang='lat' dir='ltr'>leis</span> <span class='ocrx_word' id='word_1_190' title='bbox 289 2443 369 2470; x_wconf 85' lang='lat' dir='ltr'>nce</span> <span class='ocrx_word' id='word_1_191' title='bbox 400 2431 480 2471; x_wconf 88' lang='lat' dir='ltr'>nisi</span> <span class='ocrx_word' id='word_1_192' title='bbox 511 2430 659 2473; x_wconf 85' lang='lat' dir='ltr'>leviter</span> <span class='ocrx_word' id='word_1_193' title='bbox 689 2430 1028 2472; x_wconf 84' lang='lat' dir='ltr'>viridi-irroratis.</span> 
     </span>
    </p>
   </div>
  </div>
 </body>
</html>
