<?xml version="1.0" encoding="UTF-8"?>
<!DOCTYPE html PUBLIC "-//W3C//DTD XHTML 1.0 Transitional//EN"
    "http://www.w3.org/TR/xhtml1/DTD/xhtml1-transitional.dtd">
<html xmlns="http://www.w3.org/1999/xhtml" xml:lang="en" lang="en">
 <head>
  <title>
</title>
<meta http-equiv="Content-Type" content="text/html;charset=utf-8" />
  <meta name='ocr-system' content='tesseract 3.04.00' />
  <meta name='ocr-capabilities' content='ocr_page ocr_carea ocr_par ocr_line ocrx_word'/>
</head>
<body>
  <div class='ocr_page' id='page_1' title='image "./hymenopteraeurop02dahl_0044.png"; bbox 0 0 1695 3241; ppageno 0'>
   <div class='ocr_carea' id='block_1_1' title="bbox 201 257 1044 313">
    <p class='ocr_par' dir='ltr' id='par_1_1' title="bbox 201 257 1044 313">
     <span class='ocr_line' id='line_1_1' title="bbox 201 257 1044 313; baseline -0.002 -12"><span class='ocrx_word' id='word_1_1' title='bbox 201 262 255 303; x_wconf 74' lang='lat'>14</span> <span class='ocrx_word' id='word_1_2' title='bbox 758 259 793 298; x_wconf 89' lang='grc'>1.</span> <span class='ocrx_word' id='word_1_3' title='bbox 860 257 1044 313; x_wconf 77' lang='lat' dir='ltr'>Cleptes.</span> 
     </span>
    </p>
   </div>
   <div class='ocr_carea' id='block_1_2' title="bbox 194 373 1604 2658">
    <p class='ocr_par' dir='ltr' id='par_1_2' title="bbox 196 373 1602 1840">
     <span class='ocr_line' id='line_1_2' title="bbox 198 373 1598 430; baseline 0 -13"><span class='ocrx_word' id='word_1_4' title='bbox 198 376 306 418; x_wconf 87' lang='lat' dir='ltr'>dinis</span> <span class='ocrx_word' id='word_1_5' title='bbox 337 375 497 418; x_wconf 84' lang='lat' dir='ltr'>boreal.</span> <span class='ocrx_word' id='word_1_6' title='bbox 531 373 849 429; x_wconf 79' lang='lat' dir='ltr'>transgreditur,</span> <span class='ocrx_word' id='word_1_7' title='bbox 883 376 990 415; x_wconf 88' lang='lat' dir='ltr'>inter</span> <span class='ocrx_word' id='word_1_8' title='bbox 1020 377 1182 430; x_wconf 89' lang='lat' dir='ltr'>species</span> <span class='ocrx_word' id='word_1_9' title='bbox 1215 378 1440 417; x_wconf 87' lang='lat' dir='ltr'>rarissimas</span> <span class='ocrx_word' id='word_1_10' title='bbox 1471 376 1598 418; x_wconf 87' lang='lat' dir='ltr'>habe-</span> 
     </span>
     <span class='ocr_line' id='line_1_3' title="bbox 201 447 1598 504; baseline -0.001 -12"><span class='ocrx_word' id='word_1_11' title='bbox 201 458 286 500; x_wconf 89' lang='lat' dir='ltr'>tur;</span> <span class='ocrx_word' id='word_1_12' title='bbox 325 453 368 491; x_wconf 86' lang='lat' dir='ltr'>in</span> <span class='ocrx_word' id='word_1_13' title='bbox 407 449 643 504; x_wconf 83' lang='lat' dir='ltr'>plantarum</span> <span class='ocrx_word' id='word_1_14' title='bbox 684 448 796 490; x_wconf 88' lang='lat' dir='ltr'>foliis</span> <span class='ocrx_word' id='word_1_15' title='bbox 836 455 876 489; x_wconf 88' lang='lat' dir='ltr'>et</span> <span class='ocrx_word' id='word_1_16' title='bbox 915 447 1091 489; x_wconf 88' lang='lat' dir='ltr'>floribus</span> <span class='ocrx_word' id='word_1_17' title='bbox 1133 449 1319 492; x_wconf 83' lang='lat' dir='ltr'>obvenit.</span> <span class='ocrx_word' id='word_1_18' title='bbox 1381 451 1442 491; x_wconf 81' lang='lat' dir='ltr'>Ex</span> <span class='ocrx_word' id='word_1_19' title='bbox 1480 450 1598 492; x_wconf 86' lang='lat' dir='ltr'>Italia</span> 
     </span>
     <span class='ocr_line' id='line_1_4' title="bbox 199 521 1597 579; baseline 0 -14"><span class='ocrx_word' id='word_1_20' title='bbox 199 531 239 565; x_wconf 90' lang='lat' dir='ltr'>et</span> <span class='ocrx_word' id='word_1_21' title='bbox 279 522 419 566; x_wconf 87' lang='lat' dir='ltr'>Gallia</span> <span class='ocrx_word' id='word_1_22' title='bbox 460 523 514 563; x_wconf 92' lang='lat' dir='ltr'>D.</span> <span class='ocrx_word' id='word_1_23' title='bbox 557 522 765 578; x_wconf 74' lang='lat' dir='ltr'>Spinola,</span> <span class='ocrx_word' id='word_1_24' title='bbox 806 537 829 563; x_wconf 90' lang='lat' dir='ltr'>e</span> <span class='ocrx_word' id='word_1_25' title='bbox 875 521 1089 564; x_wconf 87' lang='lat' dir='ltr'>montibus</span> <span class='ocrx_word' id='word_1_26' title='bbox 1130 524 1324 566; x_wconf 88' lang='lat' dir='ltr'>Austriae</span> <span class='ocrx_word' id='word_1_27' title='bbox 1361 523 1597 579; x_wconf 85' lang='lat' dir='ltr'>subalpinis</span> 
     </span>
     <span class='ocr_line' id='line_1_5' title="bbox 198 596 1596 653; baseline -0.001 -14"><span class='ocrx_word' id='word_1_28' title='bbox 198 599 252 639; x_wconf 92' lang='lat' dir='ltr'>D.</span> <span class='ocrx_word' id='word_1_29' title='bbox 283 597 465 648; x_wconf 77' lang='grc' dir='ltr'><em>ΚοΙΙὰν,</em></span> <span class='ocrx_word' id='word_1_30' title='bbox 506 611 528 638; x_wconf 95' lang='lat' dir='ltr'>e</span> <span class='ocrx_word' id='word_1_31' title='bbox 568 597 716 638; x_wconf 88' lang='lat' dir='ltr'>Silesia</span> <span class='ocrx_word' id='word_1_32' title='bbox 754 597 809 638; x_wconf 92' lang='lat' dir='ltr'>D.</span> <span class='ocrx_word' id='word_1_33' title='bbox 841 596 1000 638; x_wconf 75' lang='lat' dir='ltr'>Dohrn</span> <span class='ocrx_word' id='word_1_34' title='bbox 1036 605 1075 639; x_wconf 89' lang='lat' dir='ltr'>et</span> <span class='ocrx_word' id='word_1_35' title='bbox 1108 611 1130 638; x_wconf 90' lang='lat' dir='ltr'>e</span> <span class='ocrx_word' id='word_1_36' title='bbox 1163 597 1512 653; x_wconf 84' lang='lat' dir='ltr'>Brandenburgia</span> <span class='ocrx_word' id='word_1_37' title='bbox 1541 598 1596 639; x_wconf 92' lang='lat' dir='ltr'>D.</span> 
     </span>
     <span class='ocr_line' id='line_1_6' title="bbox 197 671 1599 727; baseline 0.001 -14"><span class='ocrx_word' id='word_1_38' title='bbox 197 671 377 713; x_wconf 76' lang='lat' dir='ltr'>Bouehe&#39;</span> <span class='ocrx_word' id='word_1_39' title='bbox 407 672 504 712; x_wconf 89' lang='lat' dir='ltr'>mihi</span> <span class='ocrx_word' id='word_1_40' title='bbox 528 673 752 727; x_wconf 85' lang='lat' dir='ltr'>specimina</span> <span class='ocrx_word' id='word_1_41' title='bbox 773 671 986 713; x_wconf 78' lang='lat' dir='ltr'>benevole</span> <span class='ocrx_word' id='word_1_42' title='bbox 1008 673 1381 714; x_wconf 88' lang='lat' dir='ltr'>communicarunt.</span> <span class='ocrx_word' id='word_1_43' title='bbox 1431 673 1480 713; x_wconf 91' lang='lat' dir='ltr'>In</span> <span class='ocrx_word' id='word_1_44' title='bbox 1501 671 1599 714; x_wconf 88' lang='lat' dir='ltr'>Bel-</span> 
     </span>
     <span class='ocr_line' id='line_1_7' title="bbox 198 745 1596 802; baseline -0.001 -15"><span class='ocrx_word' id='word_1_45' title='bbox 198 748 262 801; x_wconf 86' lang='lat' dir='ltr'>gia</span> <span class='ocrx_word' id='word_1_46' title='bbox 300 761 323 787; x_wconf 91' lang='lat' dir='ltr'>a</span> <span class='ocrx_word' id='word_1_47' title='bbox 364 746 416 787; x_wconf 92' lang='lat' dir='ltr'>D.</span> <span class='ocrx_word' id='word_1_48' title='bbox 457 745 680 787; x_wconf 65' lang='lat' dir='ltr'>Wesmael</span> <span class='ocrx_word' id='word_1_49' title='bbox 718 753 758 787; x_wconf 89' lang='lat' dir='ltr'>et</span> <span class='ocrx_word' id='word_1_50' title='bbox 797 748 840 787; x_wconf 93' lang='lat' dir='ltr'>in</span> <span class='ocrx_word' id='word_1_51' title='bbox 873 745 1021 802; x_wconf 84' lang='lat' dir='ltr'>Angiia</span> <span class='ocrx_word' id='word_1_52' title='bbox 1053 761 1075 787; x_wconf 88' lang='lat' dir='ltr'>a</span> <span class='ocrx_word' id='word_1_53' title='bbox 1106 747 1160 787; x_wconf 90' lang='lat' dir='ltr'>D.</span> <span class='ocrx_word' id='word_1_54' title='bbox 1199 746 1448 789; x_wconf 71' lang='lat' dir='ltr'>Westwood</span> <span class='ocrx_word' id='word_1_55' title='bbox 1476 746 1596 787; x_wconf 86' lang='lat' dir='ltr'>lecta.</span> 
     </span>
     <span class='ocr_line' id='line_1_8' title="bbox 198 818 1602 878; baseline 0 -17"><span class='ocrx_word' id='word_1_56' title='bbox 198 820 310 861; x_wconf 84' lang='lat' dir='ltr'>Intra</span> <span class='ocrx_word' id='word_1_57' title='bbox 341 819 530 861; x_wconf 85' lang='lat' dir='ltr'>Sveciam</span> <span class='ocrx_word' id='word_1_58' title='bbox 562 820 613 861; x_wconf 90' lang='lat' dir='ltr'>ad</span> <span class='ocrx_word' id='word_1_59' title='bbox 646 818 821 876; x_wconf 70' lang='lat' dir='ltr'>Hoberg</span> <span class='ocrx_word' id='word_1_60' title='bbox 851 820 1252 862; x_wconf 87' lang='lat' dir='ltr'>Westro-Gothiae</span> <span class='ocrx_word' id='word_1_61' title='bbox 1282 821 1338 862; x_wconf 89' lang='lat' dir='ltr'>D.</span> <span class='ocrx_word' id='word_1_62' title='bbox 1374 819 1602 878; x_wconf 70' lang='lat' dir='ltr'>Gyllenhal</span> 
     </span>
     <span class='ocr_line' id='line_1_9' title="bbox 199 892 1600 950; baseline 0 -14"><span class='ocrx_word' id='word_1_63' title='bbox 199 903 239 936; x_wconf 87' lang='lat' dir='ltr'>et</span> <span class='ocrx_word' id='word_1_64' title='bbox 279 893 330 935; x_wconf 87' lang='lat' dir='ltr'>ad</span> <span class='ocrx_word' id='word_1_65' title='bbox 368 892 744 950; x_wconf 79' lang='lat' dir='ltr'>Kiviks-Esper6d</span> <span class='ocrx_word' id='word_1_66' title='bbox 785 895 961 936; x_wconf 88' lang='lat' dir='ltr'>Scaniae</span> <span class='ocrx_word' id='word_1_67' title='bbox 990 895 1046 936; x_wconf 90' lang='lat' dir='ltr'>D.</span> <span class='ocrx_word' id='word_1_68' title='bbox 1078 896 1131 936; x_wconf 95' lang='lat' dir='ltr'>D.</span> <span class='ocrx_word' id='word_1_69' title='bbox 1165 894 1322 936; x_wconf 67' lang='lat' dir='ltr'>Fallere</span> <span class='ocrx_word' id='word_1_70' title='bbox 1355 902 1396 936; x_wconf 90' lang='lat' dir='ltr'>et</span> <span class='ocrx_word' id='word_1_71' title='bbox 1433 895 1600 936; x_wconf 81' lang='lat' dir='ltr'>Zetter-</span> 
     </span>
     <span class='ocr_line' id='line_1_10' title="bbox 197 966 1598 1023; baseline -0.001 -13"><span class='ocrx_word' id='word_1_72' title='bbox 197 969 310 1011; x_wconf 66' lang='lat' dir='ltr'>stedt</span> <span class='ocrx_word' id='word_1_73' title='bbox 347 968 455 1009; x_wconf 91' lang='lat' dir='ltr'>hanc</span> <span class='ocrx_word' id='word_1_74' title='bbox 494 970 674 1023; x_wconf 80' lang='lat' dir='ltr'>speciem</span> <span class='ocrx_word' id='word_1_75' title='bbox 716 971 759 1010; x_wconf 89' lang='lat' dir='ltr'>in</span> <span class='ocrx_word' id='word_1_76' title='bbox 797 966 1132 1010; x_wconf 86' lang='lat' dir='ltr'>Umbellatarum</span> <span class='ocrx_word' id='word_1_77' title='bbox 1175 968 1354 1011; x_wconf 89' lang='lat' dir='ltr'>floribus</span> <span class='ocrx_word' id='word_1_78' title='bbox 1392 970 1598 1010; x_wconf 87' lang='lat' dir='ltr'>rarissime</span> 
     </span>
     <span class='ocr_line' id='line_1_11' title="bbox 199 1041 1598 1098; baseline -0.001 -14"><span class='ocrx_word' id='word_1_79' title='bbox 199 1042 497 1089; x_wconf 82' lang='lat' dir='ltr'>observa1·unt;</span> <span class='ocrx_word' id='word_1_80' title='bbox 528 1041 792 1083; x_wconf 85' lang='lat' dir='ltr'>individuum</span> <span class='ocrx_word' id='word_1_81' title='bbox 825 1044 868 1083; x_wconf 88' lang='lat' dir='ltr'>in</span> <span class='ocrx_word' id='word_1_82' title='bbox 897 1049 1006 1083; x_wconf 88' lang='lat' dir='ltr'>terra</span> <span class='ocrx_word' id='word_1_83' title='bbox 1037 1042 1320 1083; x_wconf 81' lang='lat' dir='ltr'>ambulantem</span> <span class='ocrx_word' id='word_1_84' title='bbox 1353 1042 1392 1084; x_wconf 90' lang='lat' dir='ltr'>d.</span> <span class='ocrx_word' id='word_1_85' title='bbox 1419 1045 1457 1085; x_wconf 84' lang='lat'>7.</span> <span class='ocrx_word' id='word_1_86' title='bbox 1480 1043 1598 1098; x_wconf 86' lang='lat' dir='ltr'>Sept.</span> 
     </span>
     <span class='ocr_line' id='line_1_12' title="bbox 200 1114 1600 1159; baseline -0.001 0"><span class='ocrx_word' id='word_1_87' title='bbox 200 1118 315 1159; x_wconf 83' lang='lat'>1838</span> <span class='ocrx_word' id='word_1_88' title='bbox 345 1119 389 1158; x_wconf 90' lang='lat' dir='ltr'>in</span> <span class='ocrx_word' id='word_1_89' title='bbox 420 1114 527 1158; x_wconf 91' lang='lat' dir='ltr'>urbe</span> <span class='ocrx_word' id='word_1_90' title='bbox 559 1116 685 1158; x_wconf 91' lang='lat' dir='ltr'>Lund</span> <span class='ocrx_word' id='word_1_91' title='bbox 716 1117 892 1158; x_wconf 81' lang='lat' dir='ltr'>Scaniae</span> <span class='ocrx_word' id='word_1_92' title='bbox 931 1119 973 1157; x_wconf 89' lang='lat' dir='ltr'>in</span> <span class='ocrx_word' id='word_1_93' title='bbox 1011 1118 1223 1158; x_wconf 75' lang='lat' dir='ltr'>vicinitate</span> <span class='ocrx_word' id='word_1_94' title='bbox 1256 1117 1382 1159; x_wconf 69' lang='lat' dir='ltr'>Rlbis</span> <span class='ocrx_word' id='word_1_95' title='bbox 1416 1118 1600 1158; x_wconf 68' lang='lat' dir='ltr'>Grossu-</span> 
     </span>
     <span class='ocr_line' id='line_1_13' title="bbox 198 1190 1599 1246; baseline -0.001 -14"><span class='ocrx_word' id='word_1_96' title='bbox 198 1192 338 1232; x_wconf 68' lang='lat' dir='ltr'>lav-iae</span> <span class='ocrx_word' id='word_1_97' title='bbox 377 1193 467 1246; x_wconf 89' lang='lat' dir='ltr'>ipse</span> <span class='ocrx_word' id='word_1_98' title='bbox 508 1190 780 1246; x_wconf 82' lang='lat' dir='ltr'>deprehendi.</span> <span class='ocrx_word' id='word_1_99' title='bbox 844 1190 1000 1232; x_wconf 88' lang='lat' dir='ltr'>Comes</span> <span class='ocrx_word' id='word_1_100' title='bbox 1032 1191 1099 1232; x_wconf 84' lang='lat' dir='ltr'>Le</span> <span class='ocrx_word' id='word_1_101' title='bbox 1128 1191 1335 1234; x_wconf 69' lang='lat' dir='ltr'>Pelletc&#39;er</span> <span class='ocrx_word' id='word_1_102' title='bbox 1367 1192 1419 1232; x_wconf 83' lang='lat' dir='ltr'>de</span> <span class='ocrx_word' id='word_1_103' title='bbox 1452 1191 1599 1232; x_wconf 78' lang='lat' dir='ltr'>Saint-</span> 
     </span>
     <span class='ocr_line' id='line_1_14' title="bbox 198 1264 1601 1320; baseline -0.001 -13"><span class='ocrx_word' id='word_1_104' title='bbox 198 1265 411 1320; x_wconf 81' lang='lat' dir='ltr'>Fargeau</span> <span class='ocrx_word' id='word_1_105' title='bbox 450 1264 503 1306; x_wconf 87' lang='lat' dir='ltr'>de</span> <span class='ocrx_word' id='word_1_106' title='bbox 540 1265 616 1305; x_wconf 89' lang='lat' dir='ltr'>hac</span> <span class='ocrx_word' id='word_1_107' title='bbox 651 1267 793 1320; x_wconf 88' lang='lat' dir='ltr'>specie</span> <span class='ocrx_word' id='word_1_108' title='bbox 825 1267 879 1306; x_wconf 88' lang='lat' dir='ltr'>ita</span> <span class='ocrx_word' id='word_1_109' title='bbox 911 1267 1094 1320; x_wconf 83' lang='lat' dir='ltr'>scripsit:</span> <span class='ocrx_word' id='word_1_110' title='bbox 1137 1265 1233 1320; x_wconf 77' lang='lat' dir='ltr'>„j’ai</span> <span class='ocrx_word' id='word_1_111' title='bbox 1265 1280 1322 1306; x_wconf 85' lang='lat' dir='ltr'>vu</span> <span class='ocrx_word' id='word_1_112' title='bbox 1352 1264 1393 1306; x_wconf 89' lang='lat' dir='ltr'>le</span> <span class='ocrx_word' id='word_1_113' title='bbox 1428 1265 1601 1320; x_wconf 69' lang='lat' dir='ltr'>Gleptes</span> 
     </span>
     <span class='ocr_line' id='line_1_15' title="bbox 196 1338 1600 1395; baseline -0.001 -14"><span class='ocrx_word' id='word_1_114' title='bbox 196 1340 383 1381; x_wconf 73' lang='lat' dir='ltr'>nitidula</span> <span class='ocrx_word' id='word_1_115' title='bbox 414 1339 607 1394; x_wconf 86' lang='lat' dir='ltr'>allonger</span> <span class='ocrx_word' id='word_1_116' title='bbox 636 1338 864 1394; x_wconf 86' lang='lat' dir='ltr'>beaucoup</span> <span class='ocrx_word' id='word_1_117' title='bbox 895 1353 976 1380; x_wconf 87' lang='lat' dir='ltr'>sou</span> <span class='ocrx_word' id='word_1_118' title='bbox 1005 1346 1141 1394; x_wconf 89' lang='lat' dir='ltr'>tuyau</span> <span class='ocrx_word' id='word_1_119' title='bbox 1162 1339 1316 1395; x_wconf 78' lang='lat' dir='ltr'>aupres</span> <span class='ocrx_word' id='word_1_120' title='bbox 1338 1338 1464 1380; x_wconf 87' lang='lat' dir='ltr'>d&#39;une</span> <span class='ocrx_word' id='word_1_121' title='bbox 1485 1338 1600 1380; x_wconf 80' lang='lat' dir='ltr'>larve</span> 
     </span>
     <span class='ocr_line' id='line_1_16' title="bbox 196 1412 1600 1469; baseline -0.001 -14"><span class='ocrx_word' id='word_1_122' title='bbox 196 1414 251 1455; x_wconf 91' lang='lat' dir='ltr'>de</span> <span class='ocrx_word' id='word_1_123' title='bbox 274 1412 526 1464; x_wconf 75' lang='lat' dir='ltr'>Tenthrede‚</span> <span class='ocrx_word' id='word_1_124' title='bbox 559 1419 600 1454; x_wconf 91' lang='lat' dir='ltr'>et</span> <span class='ocrx_word' id='word_1_125' title='bbox 630 1412 670 1454; x_wconf 91' lang='lat' dir='ltr'>le</span> <span class='ocrx_word' id='word_1_126' title='bbox 702 1428 882 1469; x_wconf 89' lang='lat' dir='ltr'>pousser</span> <span class='ocrx_word' id='word_1_127' title='bbox 913 1415 1123 1454; x_wconf 89' lang='lat' dir='ltr'>vivement</span> <span class='ocrx_word' id='word_1_128' title='bbox 1154 1421 1301 1454; x_wconf 83' lang='lat' dir='ltr'>contre</span> <span class='ocrx_word' id='word_1_129' title='bbox 1324 1413 1418 1454; x_wconf 90' lang='lat' dir='ltr'>elle.</span> <span class='ocrx_word' id='word_1_130' title='bbox 1464 1412 1600 1467; x_wconf 83' lang='lat' dir='ltr'>Quoi-</span> 
     </span>
     <span class='ocr_line' id='line_1_17' title="bbox 198 1486 1600 1543; baseline 0 -15"><span class='ocrx_word' id='word_1_131' title='bbox 198 1488 299 1543; x_wconf 85' lang='lat' dir='ltr'>qu&#39;il</span> <span class='ocrx_word' id='word_1_132' title='bbox 336 1487 396 1528; x_wconf 89' lang='lat' dir='ltr'>lui</span> <span class='ocrx_word' id='word_1_133' title='bbox 437 1491 506 1528; x_wconf 72' lang='lat' dir='ltr'>ent</span> <span class='ocrx_word' id='word_1_134' title='bbox 542 1487 647 1527; x_wconf 80' lang='lat' dir='ltr'>fallu</span> <span class='ocrx_word' id='word_1_135' title='bbox 677 1501 790 1542; x_wconf 90' lang='lat' dir='ltr'>pour</span> <span class='ocrx_word' id='word_1_136' title='bbox 820 1487 907 1528; x_wconf 83' lang='lat' dir='ltr'>cela</span> <span class='ocrx_word' id='word_1_137' title='bbox 940 1486 1173 1528; x_wconf 89' lang='lat' dir='ltr'>recourber</span> <span class='ocrx_word' id='word_1_138' title='bbox 1203 1501 1283 1528; x_wconf 89' lang='lat' dir='ltr'>son</span> <span class='ocrx_word' id='word_1_139' title='bbox 1314 1486 1526 1528; x_wconf 90' lang='lat' dir='ltr'>abdomen</span> <span class='ocrx_word' id='word_1_140' title='bbox 1559 1494 1600 1528; x_wconf 90' lang='lat' dir='ltr'>et</span> 
     </span>
     <span class='ocr_line' id='line_1_18' title="bbox 198 1561 1600 1618; baseline -0.001 -15"><span class='ocrx_word' id='word_1_141' title='bbox 198 1562 352 1618; x_wconf 88' lang='lat' dir='ltr'>diriger</span> <span class='ocrx_word' id='word_1_142' title='bbox 391 1575 438 1602; x_wconf 88' lang='lat' dir='ltr'>ce</span> <span class='ocrx_word' id='word_1_143' title='bbox 479 1568 613 1616; x_wconf 84' lang='lat' dir='ltr'>tuyau</span> <span class='ocrx_word' id='word_1_144' title='bbox 653 1568 770 1602; x_wconf 82' lang='lat' dir='ltr'>entre</span> <span class='ocrx_word' id='word_1_145' title='bbox 811 1576 877 1602; x_wconf 87' lang='lat' dir='ltr'>ses</span> <span class='ocrx_word' id='word_1_146' title='bbox 917 1568 1051 1617; x_wconf 83' lang='lat' dir='ltr'>pattes</span> <span class='ocrx_word' id='word_1_147' title='bbox 1093 1576 1144 1602; x_wconf 89' lang='lat' dir='ltr'>en</span> <span class='ocrx_word' id='word_1_148' title='bbox 1186 1569 1310 1602; x_wconf 86' lang='lat' dir='ltr'>avant</span> <span class='ocrx_word' id='word_1_149' title='bbox 1348 1561 1401 1603; x_wconf 89' lang='lat' dir='ltr'>de</span> <span class='ocrx_word' id='word_1_150' title='bbox 1431 1561 1470 1602; x_wconf 87' lang='lat' dir='ltr'>la</span> <span class='ocrx_word' id='word_1_151' title='bbox 1504 1562 1600 1611; x_wconf 74' lang='lat' dir='ltr'>tete,</span> 
     </span>
     <span class='ocr_line' id='line_1_19' title="bbox 197 1635 1600 1692; baseline 0 -15"><span class='ocrx_word' id='word_1_152' title='bbox 197 1636 450 1692; x_wconf 77' lang='lat' dir='ltr'>l’operation</span> <span class='ocrx_word' id='word_1_153' title='bbox 483 1636 640 1677; x_wconf 75' lang='lat' dir='ltr'>entiere</span> <span class='ocrx_word' id='word_1_154' title='bbox 665 1635 726 1676; x_wconf 89' lang='lat' dir='ltr'>fut</span> <span class='ocrx_word' id='word_1_155' title='bbox 758 1635 930 1677; x_wconf 83' lang='lat' dir='ltr'>l&#39;afsaire</span> <span class='ocrx_word' id='word_1_156' title='bbox 953 1635 1076 1676; x_wconf 85' lang='lat' dir='ltr'>d’une</span> <span class='ocrx_word' id='word_1_157' title='bbox 1101 1636 1338 1684; x_wconf 83' lang='lat' dir='ltr'>seconde”;</span> <span class='ocrx_word' id='word_1_158' title='bbox 1370 1635 1600 1677; x_wconf 78' lang='lat' dir='ltr'>Referente</span> 
     </span>
     <span class='ocr_line' id='line_1_20' title="bbox 199 1709 1600 1766; baseline -0.001 -14"><span class='ocrx_word' id='word_1_159' title='bbox 199 1710 290 1753; x_wconf 86' lang='lat' dir='ltr'>Cel.</span> <span class='ocrx_word' id='word_1_160' title='bbox 378 1710 581 1752; x_wconf 68' lang='lat' dir='ltr'>&#39;estwood</span> <span class='ocrx_word' id='word_1_161' title='bbox 617 1712 660 1751; x_wconf 90' lang='lat' dir='ltr'>in</span> <span class='ocrx_word' id='word_1_162' title='bbox 702 1723 832 1766; x_wconf 85' lang='lat' dir='ltr'>opere</span> <span class='ocrx_word' id='word_1_163' title='bbox 865 1710 1040 1751; x_wconf 76' lang='lat' dir='ltr'>classico</span> <span class='ocrx_word' id='word_1_164' title='bbox 1081 1709 1310 1762; x_wconf 75' lang='lat' dir='ltr'>„Iilodern</span> <span class='ocrx_word' id='word_1_165' title='bbox 1348 1709 1494 1752; x_wconf 73' lang='lat' dir='ltr'>classi</span> <span class='ocrx_word' id='word_1_166' title='bbox 1529 1725 1600 1751; x_wconf 86' lang='lat' dir='ltr'>ca-</span> 
     </span>
     <span class='ocr_line' id='line_1_21' title="bbox 198 1784 842 1840; baseline 0 -14"><span class='ocrx_word' id='word_1_167' title='bbox 198 1787 287 1827; x_wconf 75' lang='lat' dir='ltr'>to&#39;on</span> <span class='ocrx_word' id='word_1_168' title='bbox 318 1784 376 1840; x_wconf 85' lang='lat' dir='ltr'>of</span> <span class='ocrx_word' id='word_1_169' title='bbox 397 1784 597 1826; x_wconf 73' lang='lat' dir='ltr'>Insects&#39;’</span> <span class='ocrx_word' id='word_1_170' title='bbox 629 1799 722 1840; x_wconf 85' lang='lat' dir='ltr'>pag.</span> <span class='ocrx_word' id='word_1_171' title='bbox 747 1786 842 1826; x_wconf 84' lang='lat'><strong>179.</strong></span> 
     </span>
    </p>

    <p class='ocr_par' dir='ltr' id='par_1_3' title="bbox 194 1857 1604 2658">
     <span class='ocr_line' id='line_1_22' title="bbox 287 1857 1599 1914; baseline -0.001 -14"><span class='ocrx_word' id='word_1_172' title='bbox 287 1859 509 1900; x_wconf 81' lang='lat' dir='ltr'>ObserV.</span> <span class='ocrx_word' id='word_1_173' title='bbox 548 1859 732 1900; x_wconf 86' lang='lat' dir='ltr'>Femina.</span> <span class='ocrx_word' id='word_1_174' title='bbox 771 1860 873 1901; x_wconf 88' lang='lat' dir='ltr'>Non</span> <span class='ocrx_word' id='word_1_175' title='bbox 903 1858 1039 1900; x_wconf 90' lang='lat' dir='ltr'>solum</span> <span class='ocrx_word' id='word_1_176' title='bbox 1070 1857 1216 1900; x_wconf 89' lang='lat' dir='ltr'>colore</span> <span class='ocrx_word' id='word_1_177' title='bbox 1247 1866 1288 1900; x_wconf 88' lang='lat' dir='ltr'>et</span> <span class='ocrx_word' id='word_1_178' title='bbox 1314 1857 1599 1914; x_wconf 82' lang='lat' dir='ltr'>magnitudine</span> 
     </span>
     <span class='ocr_line' id='line_1_23' title="bbox 198 1932 1599 1988; baseline -0.001 -13"><span class='ocrx_word' id='word_1_179' title='bbox 198 1936 349 1975; x_wconf 89' lang='lat' dir='ltr'>minori</span> <span class='ocrx_word' id='word_1_180' title='bbox 388 1932 463 1974; x_wconf 86' lang='lat' dir='ltr'>sed</span> <span class='ocrx_word' id='word_1_181' title='bbox 504 1935 630 1975; x_wconf 89' lang='lat' dir='ltr'>esiam</span> <span class='ocrx_word' id='word_1_182' title='bbox 662 1939 869 1974; x_wconf 84' lang='lat' dir='ltr'>structura</span> <span class='ocrx_word' id='word_1_183' title='bbox 901 1935 1082 1988; x_wconf 85' lang='lat' dir='ltr'>partium</span> <span class='ocrx_word' id='word_1_184' title='bbox 1114 1947 1137 1973; x_wconf 87' lang='lat' dir='ltr'>a</span> <span class='ocrx_word' id='word_1_185' title='bbox 1174 1933 1239 1973; x_wconf 83' lang='lat' dir='ltr'>CI.</span> <span class='ocrx_word' id='word_1_186' title='bbox 1270 1935 1536 1974; x_wconf 71' lang='lat' dir='ltr'>seminar-ata</span> <span class='ocrx_word' id='word_1_187' title='bbox 1569 1939 1599 1983; x_wconf 74' lang='grc' dir='ltr'><strong>Ω</strong></span> 
     </span>
     <span class='ocr_line' id='line_1_24' title="bbox 199 2006 1601 2063; baseline -0.001 -15"><span class='ocrx_word' id='word_1_188' title='bbox 199 2007 320 2048; x_wconf 81' lang='lat' dir='ltr'>facile</span> <span class='ocrx_word' id='word_1_189' title='bbox 360 2006 632 2062; x_wconf 81' lang='lat' dir='ltr'>dignoscitur.</span> <span class='ocrx_word' id='word_1_190' title='bbox 695 2007 836 2063; x_wconf 85' lang='lat' dir='ltr'>Caput</span> <span class='ocrx_word' id='word_1_191' title='bbox 875 2007 1107 2057; x_wconf 88' lang='lat' dir='ltr'>mediocre,</span> <span class='ocrx_word' id='word_1_192' title='bbox 1146 2013 1187 2047; x_wconf 85' lang='lat' dir='ltr'>at</span> <span class='ocrx_word' id='word_1_193' title='bbox 1227 2008 1363 2047; x_wconf 84' lang='lat' dir='ltr'>minus</span> <span class='ocrx_word' id='word_1_194' title='bbox 1404 2021 1528 2062; x_wconf 88' lang='lat' dir='ltr'>quam</span> <span class='ocrx_word' id='word_1_195' title='bbox 1559 2009 1601 2048; x_wconf 90' lang='lat' dir='ltr'>in</span> 
     </span>
     <span class='ocr_line' id='line_1_25' title="bbox 204 2082 1603 2136; baseline -0.001 -13"><span class='ocrx_word' id='word_1_196' title='bbox 204 2082 270 2124; x_wconf 78' lang='lat' dir='ltr'>CI.</span> <span class='ocrx_word' id='word_1_197' title='bbox 302 2083 568 2122; x_wconf 67' lang='lat' dir='ltr'>seminarum</span> <span class='ocrx_word' id='word_1_198' title='bbox 600 2087 629 2131; x_wconf 70' lang='grc' dir='ltr'><strong>Ω</strong></span> <span class='ocrx_word' id='word_1_199' title='bbox 663 2088 703 2122; x_wconf 89' lang='lat' dir='ltr'>et</span> <span class='ocrx_word' id='word_1_200' title='bbox 735 2089 869 2123; x_wconf 90' lang='lat' dir='ltr'>totum</span> <span class='ocrx_word' id='word_1_201' title='bbox 911 2095 1142 2123; x_wconf 81' lang='lat' dir='ltr'>convexum</span> <span class='ocrx_word' id='word_1_202' title='bbox 1180 2082 1511 2136; x_wconf 82' lang='lat' dir='ltr'>nigro-aeneum</span> <span class='ocrx_word' id='word_1_203' title='bbox 1543 2083 1603 2122; x_wconf 92' lang='lat' dir='ltr'>ni-</span> 
     </span>
     <span class='ocr_line' id='line_1_26' title="bbox 199 2153 1603 2211; baseline -0.001 -14"><span class='ocrx_word' id='word_1_204' title='bbox 199 2155 329 2197; x_wconf 87' lang='lat' dir='ltr'>tidum</span> <span class='ocrx_word' id='word_1_205' title='bbox 362 2169 505 2211; x_wconf 84' lang='lat' dir='ltr'>sparse</span> <span class='ocrx_word' id='word_1_206' title='bbox 536 2155 826 2210; x_wconf 82' lang='lat' dir='ltr'>punctuiatum</span> <span class='ocrx_word' id='word_1_207' title='bbox 858 2154 1025 2196; x_wconf 89' lang='lat' dir='ltr'>sulculo</span> <span class='ocrx_word' id='word_1_208' title='bbox 1049 2153 1244 2195; x_wconf 83' lang='lat' dir='ltr'>mediano</span> <span class='ocrx_word' id='word_1_209' title='bbox 1268 2154 1472 2196; x_wconf 86' lang='lat' dir='ltr'>distincta.</span> <span class='ocrx_word' id='word_1_210' title='bbox 1517 2155 1603 2196; x_wconf 86' lang='lat' dir='ltr'>An-</span> 
     </span>
     <span class='ocr_line' id='line_1_27' title="bbox 198 2220 1604 2285; baseline -0.001 -14"><span class='ocrx_word' id='word_1_211' title='bbox 198 2238 351 2272; x_wconf 87' lang='lat' dir='ltr'>tennae</span> <span class='ocrx_word' id='word_1_212' title='bbox 383 2230 536 2280; x_wconf 84' lang='lat' dir='ltr'>fuscae,</span> <span class='ocrx_word' id='word_1_213' title='bbox 568 2231 830 2285; x_wconf 87' lang='lat' dir='ltr'>angustiores</span> <span class='ocrx_word' id='word_1_214' title='bbox 855 2244 978 2284; x_wconf 86' lang='lat' dir='ltr'>quam</span> <span class='ocrx_word' id='word_1_215' title='bbox 1010 2230 1053 2270; x_wconf 90' lang='lat' dir='ltr'>in</span> <span class='ocrx_word' id='word_1_216' title='bbox 1081 2228 1145 2270; x_wconf 83' lang='lat' dir='ltr'>Cl.</span> <span class='ocrx_word' id='word_1_217' title='bbox 1167 2220 1498 2279; x_wconf 46' lang='lat' dir='ltr'>semiantrum-9,</span> <span class='ocrx_word' id='word_1_218' title='bbox 1530 2229 1604 2270; x_wconf 84' lang='lat' dir='ltr'>fla-</span> 
     </span>
     <span class='ocr_line' id='line_1_28' title="bbox 194 2302 1601 2361; baseline -0.001 -16"><span class='ocrx_word' id='word_1_219' title='bbox 194 2304 354 2361; x_wconf 83' lang='lat' dir='ltr'>gellum</span> <span class='ocrx_word' id='word_1_220' title='bbox 375 2303 466 2345; x_wconf 87' lang='lat' dir='ltr'>basi</span> <span class='ocrx_word' id='word_1_221' title='bbox 488 2305 691 2359; x_wconf 87' lang='lat' dir='ltr'>apiceque</span> <span class='ocrx_word' id='word_1_222' title='bbox 715 2303 809 2359; x_wconf 88' lang='lat' dir='ltr'>plus</span> <span class='ocrx_word' id='word_1_223' title='bbox 835 2305 970 2344; x_wconf 87' lang='lat' dir='ltr'>minus</span> <span class='ocrx_word' id='word_1_224' title='bbox 994 2302 1143 2344; x_wconf 80' lang='lat' dir='ltr'>rubro-</span> <span class='ocrx_word' id='word_1_225' title='bbox 1172 2302 1199 2344; x_wconf 87' lang='lat' dir='ltr'>l.</span> <span class='ocrx_word' id='word_1_226' title='bbox 1223 2303 1601 2354; x_wconf 84' lang='lat' dir='ltr'>fusco-testaceum,</span> 
     </span>
     <span class='ocr_line' id='line_1_29' title="bbox 199 2376 1603 2435; baseline -0.001 -15"><span class='ocrx_word' id='word_1_227' title='bbox 199 2394 348 2435; x_wconf 85' lang='lat' dir='ltr'>scapus</span> <span class='ocrx_word' id='word_1_228' title='bbox 380 2377 588 2420; x_wconf 88' lang='lat' dir='ltr'>interdum</span> <span class='ocrx_word' id='word_1_229' title='bbox 622 2377 807 2434; x_wconf 85' lang='lat' dir='ltr'>ejusdem</span> <span class='ocrx_word' id='word_1_230' title='bbox 841 2380 1038 2434; x_wconf 86' lang='lat' dir='ltr'>picturae.</span> <span class='ocrx_word' id='word_1_231' title='bbox 1089 2378 1320 2418; x_wconf 87' lang='lat' dir='ltr'>Pronotum</span> <span class='ocrx_word' id='word_1_232' title='bbox 1345 2376 1504 2418; x_wconf 85' lang='lat' dir='ltr'>fulvum</span> <span class='ocrx_word' id='word_1_233' title='bbox 1530 2385 1603 2419; x_wconf 88' lang='lat' dir='ltr'>aut</span> 
     </span>
     <span class='ocr_line' id='line_1_30' title="bbox 200 2451 1601 2509; baseline -0.001 -16"><span class='ocrx_word' id='word_1_234' title='bbox 200 2453 309 2494; x_wconf 87' lang='lat' dir='ltr'>laete</span> <span class='ocrx_word' id='word_1_235' title='bbox 341 2451 598 2502; x_wconf 85' lang='lat' dir='ltr'>brunneum,</span> <span class='ocrx_word' id='word_1_236' title='bbox 638 2467 780 2509; x_wconf 84' lang='lat' dir='ltr'>sparse</span> <span class='ocrx_word' id='word_1_237' title='bbox 812 2451 1122 2508; x_wconf 74' lang='lat' dir='ltr'>punciulatum‚</span> <span class='ocrx_word' id='word_1_238' title='bbox 1162 2451 1355 2493; x_wconf 87' lang='lat' dir='ltr'>nonnihil</span> <span class='ocrx_word' id='word_1_239' title='bbox 1386 2454 1601 2506; x_wconf 84' lang='lat' dir='ltr'>augustius</span> 
     </span>
     <span class='ocr_line' id='line_1_31' title="bbox 202 2525 1603 2583; baseline -0.001 -15"><span class='ocrx_word' id='word_1_240' title='bbox 202 2534 243 2568; x_wconf 85' lang='lat' dir='ltr'>et</span> <span class='ocrx_word' id='word_1_241' title='bbox 274 2529 500 2568; x_wconf 80' lang='lat' dir='ltr'>convexius</span> <span class='ocrx_word' id='word_1_242' title='bbox 534 2541 659 2583; x_wconf 83' lang='lat' dir='ltr'>quam</span> <span class='ocrx_word' id='word_1_243' title='bbox 689 2529 733 2568; x_wconf 87' lang='lat' dir='ltr'>iu</span> <span class='ocrx_word' id='word_1_244' title='bbox 770 2526 918 2582; x_wconf 78' lang='lat' dir='ltr'>Glepte</span> <span class='ocrx_word' id='word_1_245' title='bbox 947 2527 1224 2569; x_wconf 71' lang='lat' dir='ltr'>semiaurata.</span> <span class='ocrx_word' id='word_1_246' title='bbox 1278 2525 1510 2567; x_wconf 87' lang='lat' dir='ltr'>Dorsulum</span> <span class='ocrx_word' id='word_1_247' title='bbox 1541 2528 1603 2567; x_wconf 89' lang='lat' dir='ltr'>ni-</span> 
     </span>
     <span class='ocr_line' id='line_1_32' title="bbox 202 2601 1604 2658; baseline 0.001 -16"><span class='ocrx_word' id='word_1_248' title='bbox 202 2615 486 2657; x_wconf 81' lang='lat' dir='ltr'>gro-aeneum</span> <span class='ocrx_word' id='word_1_249' title='bbox 519 2608 560 2644; x_wconf 92' lang='lat' dir='ltr'>et</span> <span class='ocrx_word' id='word_1_250' title='bbox 590 2601 813 2643; x_wconf 89' lang='lat' dir='ltr'>scutellum</span> <span class='ocrx_word' id='word_1_251' title='bbox 839 2616 1046 2657; x_wconf 82' lang='lat' dir='ltr'>cyaneum</span> <span class='ocrx_word' id='word_1_252' title='bbox 1071 2602 1237 2658; x_wconf 85' lang='lat' dir='ltr'>parcius</span> <span class='ocrx_word' id='word_1_253' title='bbox 1259 2607 1466 2657; x_wconf 82' lang='lat' dir='ltr'>punctata.</span> <span class='ocrx_word' id='word_1_254' title='bbox 1514 2601 1604 2643; x_wconf 82' lang='lat' dir='ltr'>Me-</span> 
     </span>
    </p>
   </div>
  </div>
 </body>
</html>
