1695 3241
469 305 507 345 7.
573 304 779 362 Chrysis.-
813 306 1015 348 Phalanx
1047 308 1084 349 Ι.
1394 308 1475 349 131

74 418 274 460 medianis
314 422 539 476 praecipue
578 435 681 462 vero
722 421 774 463 ad
808 429 963 463 costam
997 422 1174 464 cellulae
1207 423 1375 464 radialis
1405 423 1478 464 ad-

73 499 170 534 sunt
190 492 362 535 umbrae
383 493 819 537 brunneo-fumosae.
873 497 1094 538 Abdomen
1128 505 1172 538 ut
1195 499 1238 539 in
1265 497 1479 556 Chryside

73 567 338 622 caerulipedi
369 574 674 619 constructum3
716 578 927 625 segmenta
960 570 1143 611 dorsalia
1176 574 1478 613 aureo-cocci-

73 655 171 690 nea,
211 640 514 683 confertissime
555 644 1033 698 punctulato-coriacea
1074 652 1115 685 et
1154 644 1476 701 subgranulosa,

72 714 169 756 hinc
198 717 334 756 minus
365 715 496 757 nitida
529 724 570 758 et
601 718 688 759 fere
721 732 864 774 opaca,
897 718 1056 759 lineola
1087 717 1278 760 mediana
1309 719 1476 761 subtilis

73 795 114 830 et
145 788 305 830 elevata
338 789 390 831 ad
422 798 580 832 certum
613 794 733 833 situm
771 791 938 833 luminis
972 794 1171 833 continua
1201 792 1369 834 videtur
1399 807 1476 849 per

73 865 211 904 omnia
242 871 473 919 segmenta3
512 873 769 921 segmentum
801 867 945 908 3ztium
978 868 1096 922 apice
1128 874 1302 922 anguste
1333 881 1478 908 arcua-

72 943 167 987 tum,
198 939 240 978 in
270 940 445 994 regione
466 939 538 981 ubi
561 943 689 982 series
710 942 820 996 jacet
842 940 1036 982 nonnihil
1057 943 1303 991 immersum,
1331 955 1473 997 margo

71 1011 241 1067 apicalis
280 1010 506 1068 depressus
547 1014 740 1055 nonnihil
782 1015 979 1056 humilior
1020 1030 1143 1070 quam
1183 1015 1345 1070 reliqua
1380 1029 1475 1070 pars

71 1088 291 1142 segmenti,
329 1089 459 1128 series
501 1088 802 1145 ante-apicalis
841 1089 1080 1144 irregularis
1118 1088 1300 1130 foveolis
1332 1102 1475 1130 nume-

71 1162 178 1201 rosis
210 1159 415 1202 obsoletis
447 1161 599 1204 leniter
629 1165 838 1219 impressis
878 1161 1123 1203 linearibus.
1185 1163 1349 1203 Venter
1380 1176 1477 1203 ean-

69 1233 164 1275 dem
202 1241 450 1276 structuram
493 1244 533 1277 et
572 1238 775 1292 picturam
815 1236 992 1292 praebet
1033 1251 1156 1291 quam
1189 1235 1304 1291 apud
1341 1234 1477 1293 Chry-

68 1308 205 1350 sidem
235 1310 561 1364 caer-alipedem.

351 1440 412 1479 72.
469 1440 667 1492 Chrysis
696 1442 944 1495 refulgens
972 1441 1123 1494 Spinol.
1153 1443 1194 1486 Ω.

154 1531 357 1573 Maxima
388 1533 415 1573 4
447 1533 519 1573 lin.
547 1533 740 1575 decimal.
765 1534 883 1588 long.
914 1533 1091 1575 robusta
1115 1533 1370 1588 pubescens,
1402 1549 1473 1575 ca-

62 1607 155 1661 pite
173 1607 361 1647 normali
382 1606 639 1664 thoraceque
658 1606 888 1663 confertim
909 1606 1475 1663 punctulo-subreticulatis

67 1682 242 1737 cyaneis
278 1681 412 1721 viridi
423 1683 601 1736 -pictis‚
641 1697 746 1723 raro
784 1683 887 1724 totis
925 1681 1159 1734 viridibus,
1193 1682 1473 1737 postscutello

67 1757 242 1807 conico,
281 1754 507 1797 abdomine
536 1756 767 1812 confertim
798 1757 966 1798 modice
993 1762 1200 1812 punctato
1226 1771 1473 1812 purpureo-

68 1843 200 1869 aureo
221 1829 354 1869 viridi
380 1830 642 1884 splendente,
673 1837 893 1885 segmento
914 1832 1021 1872 3stio
1045 1846 1144 1872 mox
1163 1846 1298 1885 supra
1317 1832 1472 1872 seriem

66 1901 648 1957 subcalloso—marginulato‚
676 1907 790 1946 serie
810 1905 1106 1959 ante-apicali
1126 1904 1471 1957 distinctissime,

65 1976 220 2017 cellula
248 1976 413 2018 radiati
442 1978 698 2032 incompleta
728 1979 852 2033 apice
883 1984 1067 2032 anguste
1103 1985 1267 2033 aperta.

89 2082 152 2102 var.
184 2080 217 2104 a.
267 2069 374 2114 Caput
405 2079 434 2103 et
465 2070 577 2103 thorax
609 2084 746 2117 cyanea,
780 2071 891 2104 leviter
924 2069 1155 2115 viridi-picta,
1187 2069 1369 2104 abdomine
1393 2083 1470 2116 pur-

264 2139 369 2171 pureo
376 2147 390 2152 -
399 2140 508 2160 aureo.

113 2183 259 2229 Chrysis
283 2183 465 2230 refulgens
490 2184 585 2229 Spin.
613 2186 674 2218 lm.
702 2185 771 2227 Lig.
799 2185 897 2218 Tom.
924 2186 949 2218 Ι.
975 2184 1008 2219 8.
1034 2186 1099 2219 No.
1117 2185 1151 2218 4.
1178 2184 1263 2218 Tab.
1280 2185 1310 2218 1.
1338 2185 1391 2227 fig.
1408 2186 1467 2219 Ill.

180 2242 358 2274 secundum
391 2241 571 2286 specimina
604 2242 731 2288 typica,
764 2255 847 2286 quae
880 2243 999 2276 Illustr.
1033 2242 1184 2286 Spinola
1215 2256 1233 2275 e
1258 2243 1377 2275 Museo
1407 2256 1467 2275 suo

179 2297 260 2330 mihi
287 2297 428 2340 benigne
453 2299 718 2332 communicavit.

110 2353 258 2400 Chrysis
282 2356 470 2389 scutellam
496 2356 596 2390 Panz.
621 2366 698 2390 teste
726 2355 874 2399 Spinola
900 2356 933 2388 in
961 2356 1083 2389 litteris.

86 2425 150 2447 var.
175 2412 204 2446 b.
261 2412 370 2457 Caput
393 2422 425 2446 et
449 2413 563 2447 thorax
589 2413 715 2453 viridia,
739 2412 919 2445 abdomine
944 2412 1182 2462 viridi-aureo.

148 2496 330 2539 Habitat
369 2499 410 2537 in
449 2497 623 2552 Europa
655 2495 919 2537 meridionali
952 2504 992 2537 et
1023 2497 1121 2538 Asia
1157 2499 1306 2538 minori
1338 2512 1463 2553 parce

63 2577 134 2611 aut
162 2584 278 2619 raro;
321 2570 576 2612 Dalmatiae:
616 2572 667 2612 D.
702 2570 846 2622 Dum,
877 2570 988 2612 Mus.
1022 2572 1195 2620 Vienn.;
1237 2571 1382 2614 Italiae
1412 2572 1465 2614 ad

64 2642 252 2685 Genuam
286 2659 308 2685 a
341 2646 393 2686 D.
429 2644 613 2700 Spinola
643 2647 821 2700 primum
859 2643 1042 2693 detecta;
1083 2647 1204 2686 etiam
1237 2647 1278 2686 in
1311 2647 1461 2688 Rossia

493 2718 495 2720 .
1130 2718 1194 2760 9*
