1695 3241
213 263 271 304 82
718 259 758 298 6.
819 254 1105 312 Hedychrum.

217 377 395 419 excurrit
424 373 615 429 apiculus
647 370 824 413 obtusus
855 385 1036 413 corneus
1067 370 1288 421 robustus,
1325 372 1509 412 minutus
1539 378 1612 412 aut

216 450 523 492 minutissimus.
584 444 768 486 Valvula
808 444 939 486 analis
977 444 1177 487 ventralis
1216 443 1462 486 semilunata
1501 445 1612 485 inae-

218 522 371 580 qualis:
402 522 504 562 rima
534 518 726 561 mediana
756 517 1025 560 subtilissima
1058 525 1099 559 et
1130 516 1452 559 obsoletissima.

301 610 388 637 var.
418 611 453 636 c.
515 593 729 635 Simillima
768 607 854 634 var.
886 608 936 645 a,
975 606 1055 634 nec
1093 591 1377 648 magnitudine
1415 605 1515 632 vere
1553 590 1613 632 di-

218 684 358 717 versa;
405 670 557 710 etenim
596 667 693 708 licet
731 665 947 708 individua
984 680 1071 707 var.
1102 682 1126 708 c
1164 680 1253 707 non
1293 680 1429 721 aeque
1466 680 1612 721 magna

216 751 314 786 sunt
353 758 402 784 ac
440 743 611 783 maxima
649 739 865 782 individua
904 741 1113 781 varietatis
1145 739 1192 793 b,
1230 747 1368 781 tamen
1408 738 1612 795 permulta

216 819 426 859 varietatis
457 816 481 856 b
514 814 760 870 exemplaria
800 813 1021 870 possideo,
1061 828 1170 869 quae
1207 812 1514 870 exemplaribus
1543 827 1614 854 va-

216 893 371 933 rietatis
403 906 426 931 c
455 888 578 929 valde
609 890 783 929 minora.
835 888 980 942 Itaque
1011 902 1057 929 re
1087 902 1186 929 vera
1216 886 1508 929 tantummodo
1538 900 1615 942 per

217 967 417 1020 picturam
449 963 553 1003 haec
583 963 758 1002 varietas
790 977 813 1002 c
844 976 867 1001 a
897 963 1096 1002 varietate
1128 961 1152 1001 b
1182 960 1487 1017 dignoscenda3
1526 959 1614 1001 scil.

218 1039 363 1094 capitis
393 1050 488 1092 pars
520 1049 712 1091 suprema
743 1036 792 1086 (a
814 1036 989 1075 cavitate
1011 1033 1147 1075 faciali
1178 1035 1221 1075 in
1251 1036 1476 1089 marginem
1508 1036 1617 1075 occi—

217 1112 385 1168 pitalem
417 1111 595 1162 sumta),
634 1114 862 1164 pronotum
895 1114 935 1149 et
967 1107 1183 1149 dorsulum
1214 1122 1358 1159 aurea,
1397 1105 1615 1148 scutellum

217 1186 309 1227 basi
345 1183 507 1226 macula
530 1185 693 1239 'magna
735 1181 1029 1223 semicirculari
1067 1197 1193 1223 aurea
1222 1180 1615 1236 viridi-marginata,

219 1265 401 1301 ceterum
435 1271 651 1314 cyaneum.

304 1348 390 1374 var.
412 1333 453 1373 d.
494 1337 536 1381 c?
576 1330 870 1387 magnitudine,
901 1337 942 1371 et
971 1327 1348 1386 proportionaliter
1369 1329 1491 1370 etiam
1511 1327 1619 1369 scul-

218 1414 339 1463 ptura
369 1407 496 1462 magis
533 1407 723 1446 minusve
761 1419 916 1456 crassa,
955 1403 1145 1446 conferta
1184 1409 1255 1444 aut
1292 1416 1437 1458 sparsa
1475 1404 1616 1443 variat.

219 1480 359 1536 Caput
390 1486 431 1521 et
461 1480 608 1521 thorax
638 1479 885 1534 plerumque
906 1477 1237 1532 viridi-cyanea,
1267 1478 1423 1517 vertice
1455 1482 1496 1516 et
1526 1476 1617 1516 tho-

218 1556 322 1595 racis
355 1552 484 1594 dorso
517 1552 663 1593 colore
684 1551 807 1592 viridi
837 1558 908 1592 aut
938 1549 1146 1592 interdum
1177 1548 1344 1606 quidem
1376 1548 1523 1591 colore
1548 1563 1618 1589 au-

218 1641 294 1668 reo
335 1633 376 1668 et
413 1625 536 1667 viridi
574 1627 773 1667 irroratis.
838 1626 1003 1665 Venter
1041 1625 1219 1665 muticus
1257 1622 1418 1678 absque
1450 1622 1617 1678 apiculo

221 1702 318 1755 (qui
347 1698 398 1741 ad
431 1707 571 1755 partes
593 1705 622 1750 ῼ
645 1698 832 1740 sexuales
864 1699 1083 1754 pertinet).

486 1860 543 1913 b)
582 1859 809 1902 Abdomen
852 1861 1080 1902 confertius
1123 1867 1164 1902 et
1212 1858 1405 1901 subtilius
1443 1866 1620 1914 punctu-

581 1933 723 1975 latum.
1243 1927 1247 1930 ’

351 2051 414 2088 46.
469 2049 778 2102 Hedychrum
805 2051 1041 2088 minutum
1069 2048 1206 2087 Pellet.
1238 2048 1285 2086 de
1312 2047 1372 2087 St.
1391 2047 1500 2100 Farg.

310 2140 575 2196 14—13312'12.
606 2141 800 2182 decimal.
828 2141 944 2195 long.
976 2139 1167 2181 thoracis
1198 2140 1328 2181 dorso
1357 2140 1620 2194 regulariter

215 2214 683 2271 punctulo-reticulato
712 2230 897 2256 unacum
926 2215 1084 2255 vertice
1116 2214 1141 2254 l.
1163 2213 1620 2255 viridi-aeneove-au-

220 2296 316 2330 rato
347 2289 373 2330 l.
405 2295 610 2344 cupralo5
649 2288 873 2330 abdomine
910 2286 1121 2329 subtiliter
1161 2286 1478 2342 confertissime
1512 2302 1619 2342 pun-

221 2364 379 2406 ctulato
401 2364 428 2404 l.
448 2363 606 2404 viridi·
626 2362 652 2403 l.
669 2367 1032 2419 cupreo-aurato,
1063 2363 1276 2416 segmenti
1304 2362 1401 2404 3:15⁸·
1420 2362 1621 2414 margine

222 2439 384 2492 apic-ali
413 2438 722 2479 convexi-§sime
758 2437 1277 2490 arcuato-integerrimo,
1315 2435 1398 2477 alis
1425 2434 1620 2476 sordidis

222 2511 316 2553 basi
345 2511 544 2569 hyaliuis.

250 2599 334 2626 var.
358 2601 395 2626 a.
456 2591 598 2626 vertex
637 2591 762 2639 atque
801 2583 939 2625 discus
979 2585 1150 2640 pronoti
1192 2589 1233 2625 et
1273 2580 1435 2623 dorsuli
1476 2580 1621 2622 viridi-
