1695 3277
198 337 272 363 xv¹
780 317 1024 373 Praefatio.

201 439 510 486 solutissimam
551 443 696 482 autem
732 433 1046 499 Chrysidarum
1091 434 1273 481 formam
1308 452 1396 482 non
1430 436 1473 480 in
1506 434 1594 480 hoc

198 531 388 578 genere,
424 512 505 559 sed
539 513 581 557 in
617 527 672 557 eo
682 545 698 568 ,
741 510 861 574 quod
897 509 1087 557 Stilbum
1120 520 1414 576 nuncupatur,
1457 526 1592 574 quae-

197 590 379 637 rendam
416 604 516 634 esse
549 587 807 650 putaverim.
867 584 1000 632 Cuius
1034 588 1212 648 generis
1246 587 1436 650 speeies,
1471 585 1595 648 quasi

198 665 358 712 eodem
391 662 571 709 modulo
607 679 631 708 a
663 669 815 708 natura
850 661 1081 717 formatae,
1123 669 1209 707 tam
1244 670 1364 708 arcte
1398 662 1511 707 inter
1546 676 1595 705 se

199 747 415 803 cognatae
438 745 551 794 sunt,
584 745 632 783 ut
654 738 826 783 nonnisi
849 738 1040 783 minutiis
1065 736 1326 801 quibusdam
1352 736 1562 782 differant.

296 812 444 861 Genus
469 811 728 876 Spintharis‚
764 812 885 876 quod
918 818 1025 859 ante
1054 830 1196 875 genus
1221 811 1402 876 Chrysis
1425 827 1594 874 ponen-

197 890 302 936 dum
336 897 441 946 erat,
474 890 617 934 minus
650 896 774 935 recte
802 893 914 950 post
945 888 1033 934 hoc
1067 905 1208 951 genus
1243 906 1267 934 a
1301 905 1372 934 me
1404 887 1595 933 colloca-

196 974 289 1012 tum
340 981 441 1011 esse
490 964 563 1010 hic
613 962 881 1010 monendum
923 980 1101 1010 censeo.
1178 962 1424 1026 Spintharis
1467 962 1596 1016 enim,

190 1057 312 1104 quae
360 1040 662 1085 transitionem
702 1037 805 1085 facit
847 1039 902 1085 ab
945 1037 1300 1085 Euchroeidibus
1343 1038 1398 1084 ad
1439 1035 1585 1099 Hedy-

197 1114 393 1171 chridas,
434 1115 478 1160 in
521 1121 763 1178 systemate
805 1113 988 1159 naturali
1031 1114 1300 1176 aptissimum
1335 1113 1483 1158 locum
1519 1128 1595 1156 oc-

199 1199 332 1254 cupat
372 1192 486 1236 inter
521 1186 740 1244 Omalum‚
775 1186 1066 1253 Hedychrum
1103 1196 1148 1235 et
1182 1187 1467 1252 Chrysidem,
1509 1203 1595 1231 non

198 1274 344 1313 autem
376 1267 491 1311 inter
525 1264 770 1310 arctissime
806 1265 1039 1310 coniuncta
1072 1281 1239 1326 genera
1264 1261 1527 1327 Chrysidem
1552 1268 1597 1306 et

199 1341 403 1389 Stilbum.

296 1415 515 1478 Superest
554 1421 604 1460 ut
644 1415 874 1477 sequentia
908 1413 1085 1458 nomina
1119 1429 1386 1476 synonyma,
1439 1413 1481 1456 in
1518 1409 1595 1455 de-

199 1490 513 1555 scriptionibus
549 1490 723 1544 omissa,
757 1489 829 1534 hic
864 1489 1199 1550 subiungamus:

253 1566 408 1614 Chrysis
444 1565 641 1600 &dentata
676 1562 738 1601 De
758 1562 859 1600 Geer
886 1561 1001 1599 Mem.
1030 1560 1270 1599 2.2.837:2
1307 1564 1479 1597 nostrum
1515 1570 1596 1596 esse

302 1628 453 1667 videtur
479 1627 717 1675 Hedychrum
745 1627 859 1663 anale
884 1638 948 1663 no.
969 1624 1030 1661 40.

254 1692 409 1740 Chrysis
449 1691 615 1727 nitidula
648 1688 800 1727 Ahrens
833 1687 952 1726 Faun.
979 1687 1082 1724 4:12
1124 1690 1297 1724 nostrum
1333 1697 1415 1723 esse
1450 1683 1599 1722 videtur

304 1755 542 1802 Hedychrum
566 1754 756 1800 fervidum
783 1765 846 1789 no.
868 1750 931 1788 53.

255 1819 410 1866 Chrysis
436 1817 628 1854 maculata
654 1815 767 1854 Fabr.
787 1813 924 1866 Suppl.
950 1812 1257 1858 258212—133
1293 1809 1467 1860 Coqueb.
1493 1809 1597 1846 Icon.

304 1881 399 1918 Tab.
422 1880 483 1916 14.
511 1879 593 1930 Fig.
616 1878 666 1917 10
691 1883 866 1917 nostrum
893 1889 976 1914 esse
995 1875 1145 1913 videtur
1162 1875 1398 1923 Hedychrum
1417 1874 1599 1910 Zimmer-

306 1943 450 1989 manni,
477 1954 540 1979 no.
559 1941 623 1978 32.

212 2014 215 2017 ’
255 2008 410 2056 Chrysis
443 2006 648 2054 inteyrella
683 2003 772 2041 nob.
803 2002 917 2054 Spec.
951 2014 1015 2039 no.
1043 2000 1094 2039 73
1128 2001 1210 2047 leye
1240 2000 1395 2047 Chrysis
1427 1999 1602 2046 neylecta

307 2069 456 2107 Shuek.

298 2130 503 2195 Denique
529 2148 641 2194 opus
667 2137 880 2183 nostrum,
914 2125 1309 2189 pulcherrimorum
1334 2125 1601 2169 insectorum

203 2207 406 2254 familiam
450 2206 775 2269 complectens,
826 2203 942 2247 omni
987 2217 1071 2263 qua
1115 2200 1336 2262 potuimus
1379 2197 1601 2259 diligentia

206 2292 250 2331 et
291 2283 485 2330 sollertia
519 2281 814 2331 elaboratum,
859 2275 1244 2337 entomologorum
1277 2272 1603 2319 benivolentiae

205 2361 364 2406 iterum
400 2365 532 2422 atque
567 2357 725 2403 iterum
762 2350 1135 2399 commendamus.

302 2452 484 2500 Lundae
520 2451 763 2499 Gothorum
798 2465 951 2496 mense
985 2444 1104 2492 Maio
1140 2443 1279 2492 1852.

1007 2603 1064 2657 A.
1096 2602 1146 2656 G.
1179 2597 1478 2655 nAflLBOM.
