1695 3241
212 287 296 331 146
601 286 638 327 7.
705 281 910 340 Chrysio.-
938 282 1144 326 Phalanx
1176 284 1211 326 Ι.

212 409 253 444 at
282 401 542 456 dignoscitur
572 412 755 454 corpore
785 401 1026 454 angustiore
1057 406 1099 441 et
1128 398 1339 450 breviore,
1372 397 1611 441 abdominis

213 475 414 530 segmenti
451 473 554 514 32tii
589 474 698 513 serie
729 473 1013 529 ante-apicali
1043 472 1226 515 foveolis
1255 474 1425 514 minutis
1456 487 1611 529 appro-

212 549 369 589 ximatis
401 548 635 587 numerosis
668 548 722 588 16
754 553 795 588 et
825 546 947 587 ultra.
982 571 1034 578 —
1069 545 1213 602 Caput
1245 552 1290 587 ut
1319 547 1364 586 in
1400 545 1613 604 Chryside

217 619 460 677 Cyllenhalz·
497 620 740 671 formatum,
779 627 913 662 totum
954 619 1481 675 punctulato-coriaceum
1513 634 1615 675 opa-

213 710 308 737 cum
335 708 553 750 cyaneum,
584 696 740 735 vertice
771 696 880 736 circa
910 700 1124 735 stemmata
1156 699 1197 734 et
1228 695 1343 748 genis
1373 692 1526 734 leviter
1553 695 1614 734 vi-

212 767 488 810 rescentibus
534 769 692 810 Facies
712 782 857 823 sparse
887 766 1238 823 cano-pilosella.
1287 766 1457 810 Cavitas
1489 767 1615 808 facia-

213 842 262 884 lis
289 842 508 884 confertim
540 841 750 883 subtiliter
779 840 1261 897 punctulato-coriacea
1291 840 1613 896 subgranulosa.

212 916 434 957 Antennae
464 915 615 957 breves
645 915 866 957 robustae:
897 928 1024 970 scapo
1052 928 1229 969 cyaneo,
1260 913 1446 956 articulis
1477 913 1613 956 tribus

214 991 403 1044 proxime
439 988 716 1044 sequentibus
755 1003 883 1044 supra
922 987 1248 1037 virescentibus,
1291 987 1465 1042 reliquis
1504 987 1614 1029 laete

212 1062 416 1104 brunneis
455 1069 525 1103 aut
563 1061 907 1116 subferrugineis.
967 1060 1170 1101 Thoracis
1202 1060 1357 1112 forma,
1398 1060 1615 1116 sculptura

215 1144 256 1178 et
284 1139 448 1191 pictura
480 1138 654 1178 omnino
686 1142 733 1177 ut
763 1137 807 1177 in
843 1135 1057 1193 Chryside
1091 1134 1356 1191 Gyllenhah‘,
1397 1148 1445 1175 ea
1476 1134 1614 1176 solum

214 1210 451 1251 differentia
484 1209 618 1265 quod:
658 1216 866 1265 punctura
897 1209 1045 1266 paullo
1075 1209 1212 1250 minus
1243 1222 1399 1259 crassa,
1437 1211 1614 1264 pronoti

212 1284 354 1326 sulcus
384 1282 602 1325 medianus
632 1283 815 1334 brevior,
844 1290 1086 1326 truncatura
1118 1284 1254 1324 antica
1282 1281 1614 1337 viridi-cyanea.

213 1357 438 1400 Abdomen
478 1372 653 1413 quoque
687 1357 864 1400 eandem
895 1357 1089 1408 formam,
1127 1359 1331 1413 picturam
1363 1363 1405 1398 et
1435 1363 1616 1413 punctu-

212 1446 309 1482 ram,
341 1446 466 1487 quam
503 1432 605 1474 Chr.
641 1432 896 1490 Gyllenhali,
928 1430 1076 1479 habet3
1107 1437 1148 1472 at
1177 1437 1488 1487 segmentorum
1519 1430 1617 1472 dor-

212 1505 360 1547 salium
392 1513 602 1560 punctura
633 1506 870 1561 paullulum
900 1504 1100 1546 subtilior
1130 1511 1171 1545 et
1201 1529 1259 1535 -—-
1289 1511 1530 1560 comparata
1557 1528 1615 1535 ——

212 1578 358 1634 paullo
390 1580 526 1619 minus
559 1579 760 1629 conferta,
791 1579 994 1633 segmenti
1024 1579 1125 1619 3ztii
1156 1579 1285 1618 series
1307 1577 1614 1633 ante-apicalis

213 1651 446 1707 paullulum
477 1654 675 1707 impressa
709 1654 815 1704 (nec
844 1654 900 1692 ita
931 1651 1036 1691 levis
1069 1657 1115 1690 ut
1144 1652 1188 1691 in
1215 1650 1315 1692 Chr.
1342 1651 1614 1707 Gyllenlmli)

213 1725 394 1766 foveolis
426 1727 595 1766 minutis
626 1727 921 1781 approximatis
962 1724 1325 1766 numerosioribus
1358 1727 1453 1766 circ.
1488 1726 1542 1766 16
1574 1732 1614 1766 et

213 1798 333 1848 ultra,
364 1813 506 1854 margo
528 1799 699 1854 apicalis
720 1799 829 1840 infra
851 1801 1000 1840 seriem
1026 1799 1256 1853 conspicue
1285 1797 1459 1839 brevior
1489 1813 1614 1853 quam

211 1873 254 1913 in
291 1871 392 1913 Chr.
427 1872 682 1928 Cyllenhali.
752 1874 924 1915 Ventris
963 1878 1195 1927 segmenta:
1236 1873 1403 1914 lzmum
1441 1874 1614 1928 nigrum,

211 1944 329 1987 disco
361 1947 560 2001 utrinque
594 1948 824 1995 virescens;
857 1945 998 1987 2=dum
1027 1944 1120 1986 basi
1150 1944 1314 1986 macula
1343 1947 1519 1987 maxima
1549 1961 1615 1988 re-

211 2018 381 2063 niformi
413 2022 720 2076 aeneo-nigra,
760 2022 880 2076 apice
919 2018 1080 2061 macula
1113 2018 1337 2061 tridentata
1367 2018 1615 2061 viridissime

213 2106 360 2141 aurea;
392 2093 533 2135 32tium
555 2093 648 2135 basi
667 2095 1111 2145 virescenti-aureum,
1143 2096 1262 2150 apice
1283 2095 1615 2149 nigro-piceum,

211 2165 467 2221 marginibus
490 2169 674 2208 omnium
695 2173 1004 2222 segmentorum
1028 2167 1260 2222 apicalibus
1280 2167 1616 2211 testaceo-brun-

212 2241 538 2282 neo-scariosis.
589 2239 695 2282 Alae
719 2239 916 2295 hyalinae
938 2241 1055 2281 venis
1086 2242 1227 2295 piceis,
1259 2240 1312 2282 ad
1344 2250 1503 2284 costam
1533 2242 1617 2284 cel-

211 2312 326 2355 lulae
355 2313 523 2359 radialis
555 2314 702 2356 umbra
735 2314 903 2360 linearis
933 2313 1109 2365 fumosa,
1140 2313 1295 2356 cellula
1323 2314 1491 2357 radialis
1516 2315 1615 2357 sub-

214 2387 437 2444 completa,

505 2519 568 2558 81.
624 2518 825 2571 Chrysis
853 2519 1054 2558 dichroa
1081 2519 1197 2572 Klug.
1230 2518 1321 2566 (3⁴9.

304 2608 504 2664 Oblonga
533 2610 710 2654 robusta
741 2611 992 2672 23-312‘22.
1014 2612 1210 2656 decimal.
1240 2612 1355 2668 long.
1386 2610 1614 2655 suber-asse
