1695 3241
233 315 320 357 328
385 311 430 352 F
429 310 542 351 amil.
566 307 866 365 C'laerysae'didae.
904 306 1110 364 Chrysis.-
1133 306 1337 348 Phalanx
1360 307 1489 349 VIII.

235 429 491 475 sublimare,
543 424 632 466 basi
682 431 918 466 transversa
967 423 1089 465 latius
1129 438 1250 479 quam
1294 426 1413 479 apice
1451 431 1634 474 arcuato,

236 503 371 557 capite
421 499 679 553 thoraceque
719 498 840 539 simul
879 499 1023 539 sumtis
1064 497 1250 553 longius,
1302 497 1431 539 dorso
1471 498 1635 540 modice

236 588 469 617 convexum
515 579 586 613 aut
633 571 1036 614 viridi-coeruleum
1083 578 1154 612 aut
1204 571 1636 614 coeruleo-viridissi-

235 664 357 700 mum,
389 647 478 688 aliis
510 645 729 687 confertim
761 645 852 687 aliis
883 645 1186 687 confertissime
1218 646 1526 700 punctulatum;
1572 660 1635 687 se-

237 724 389 778 gmenti
426 722 534 763 32tii
573 734 668 761 area
709 722 844 761 antica
882 719 935 761 ad
966 721 1113 761 seriem
1146 719 1526 761 convexo-declivi
1556 726 1637 760 ter-

236 799 398 846 minata,
430 809 525 836 area
556 796 718 850 postica
749 793 971 835 mediocris
1008 793 1338 849 depressiuscula
1369 793 1636 836 subtilissime

236 870 730 927 punctulato-coriacea;
762 870 890 909 series
924 866 1237 922 ante-apianis,
1269 867 1414 909 dentes
1447 875 1486 909 et
1509 882 1637 909 emar-

238 947 453 1000 ginaturae
491 941 673 998 apicales
705 941 793 982 fere
825 941 1029 982 simillime
1061 947 1107 981 ut
1137 942 1180 981 in
1217 940 1429 997 Chryside
1459 942 1636 982 sexden-

237 1024 329 1060 tata
360 1018 458 1070 (no.
483 1017 607 1070 183).
669 1016 832 1057 Venter
862 1014 1004 1056 viridis
1036 1014 1435 1070 nigro-maculatus.

491 1157 579 1197 185.
635 1157 834 1208 Chrysis
862 1126 1136 1209 prominula
1164 1156 1296 1195 lem.
1326 1154 1378 1200 ἅ.

324 1241 527 1284 ]llamima
559 1243 605 1297 43
636 1242 710 1284 liu.
743 1241 936 1283 decimal.
962 1242 1078 1296 long.
1100 1240 1291 1293 robusta,
1323 1243 1464 1296 capite
1495 1241 1637 1282 Ibora·

237 1331 368 1372 oeque
396 1315 749 1358 ‚svabcrassissime
773 1316 1259 1370 punctam-reticulata,
1291 1315 1513 1357 abdomine
1528 1330 1638 1370 pun-

238 1391 400 1432 ctulata
428 1391 605 1441 viridis,
650 1390 892 1431 abdominis
922 1397 1142 1444 segmento
1173 1390 1340 1431 dorsale·
1368 1390 1485 1431 3:11'0
1517 1390 1637 1430 disco

239 1464 438 1506 distincte
476 1466 696 1514 immerso,
743 1465 1071 1518 emnrginatnra
1109 1465 1270 1519 apic-ali
1299 1465 1478 1505 ceutrah'
1509 1463 1638 1504 mullo

238 1540 491 1592 angustiore
528 1554 656 1594 quam
694 1539 896 1594 reliquis,
943 1538 1026 1579 alis
1065 1537 1440 1580 brmmescentibns
1486 1535 1637 1576 cellula

238 1612 401 1653 radioli
431 1612 697 1666 incompleta.

308 1697 454 1742 Chrysis
474 1696 681 1740 prominula
706 1697 823 1729 lem.
848 1695 980 1741 Dispos.
1009 1695 1107 1729 1845.
1138 1696 1260 1729 14:32.

328 1759 487 1799 Patria
516 1757 641 1798 nobis
673 1759 836 1813 ignota;
869 1759 1080 1811 specimen
1112 1759 1280 1797 unicum
1312 1771 1334 1797 e
1368 1755 1637 1798 Collectione

241 1831 446 1888 Paykulli
474 1830 585 1871 Mus.
619 1831 669 1871 R.
703 1829 830 1871 Acad.
852 1830 1006 1871 Scient.
1029 1829 1287 1871 Stockholm.
1320 1832 1639 1871 communicavit

239 1905 292 1946 D.
324 1904 560 1945 Boheman.

328 1978 549 2020 Observ.
600 1979 767 2021 Statura
800 1985 839 2019 et
869 1980 1031 2034 pictura
1062 1992 1142 2019 nec
1170 1992 1259 2019 non
1280 1977 1515 2019 abdominis
1535 1992 1639 2033 pun-

240 2059 357 2094 ctura
384 2051 592 2110 Chryside?
622 2052 816 2094 modicae
846 2052 984 2093 affinis
1009 2059 1049 2094 et
1069 2051 1231 2100 similis;
1265 2058 1305 2092 at
1331 2065 1511 2106 corpore
1533 2066 1639 2093 cras-

240 2128 341 2168 siori
373 2133 413 2168 et
443 2126 532 2167 fere
564 2125 697 2182 duplo
729 2127 888 2181 majori,
919 2128 1054 2181 capite
1084 2126 1341 2179 thoraceque
1372 2125 1503 2166 multo
1533 2140 1640 2167 cras-

241 2202 327 2242 sius
358 2201 587 2256 punctatis,
618 2199 893 2255 mesopleuris
925 2199 1121 2249 dentatis,
1159 2206 1373 2254 segmento
1405 2198 1639 2240 abdominis

243 2276 360 2316 3:tio
401 2273 519 2315 disco
550 2272 744 2315 distincte
774 2273 873 2314 licet
903 2272 1056 2314 leniter
1084 2275 1299 2323 immerso,
1338 2276 1639 2328 emarginatura

244 2347 416 2389 centrali
438 2354 612 2403 angusta
634 2354 711 2389 etc.
735 2347 931 2388 facillime
953 2346 1256 2402 distinguenda.
1279 2371 1329 2378 —
1352 2349 1486 2388 Etiam
1506 2347 1640 2402 Clu-y-

244 2421 380 2462 sidem
421 2421 633 2463 oculatam
666 2426 763 2474 (no.
788 2422 898 2473 176)
929 2420 1111 2471 simulat,
1159 2419 1233 2462 sed
1265 2419 1318 2461 ab
1349 2420 1426 2460 hac
1456 2434 1551 2461 mox
1582 2419 1640 2460 di-

245 2496 458 2550 gnoscitur
495 2493 732 2536 abdominis
763 2494 892 2537 dorso
924 2494 1207 2544 immaculato,
1255 2500 1346 2535 toto
1379 2493 1639 2549 punctulato,

245 2570 353 2609 serie
383 2568 662 2623 ante-apicali
692 2567 874 2610 foveolis
907 2567 1103 2610 omnibus
1135 2567 1368 2611 rotundatis
1401 2574 1442 2608 et
1475 2592 1526 2600 —
1550 2580 1639 2608 cum

252 2640 352 2683 Chr.
373 2642 570 2684 oculatae
600 2644 849 2698 comparatis
883 2666 934 2675 —
968 2644 1118 2697 parvis.
