1695 3277
163 349 271 375 xvm
604 333 803 375 Mna-eum
836 332 1092 374 Havm'ense.

162 454 216 487 20.
249 453 414 497 »Chrysis
440 457 591 484 aurata«
662 475 668 482 .
719 475 724 481 .
778 476 784 482 .
836 475 841 481 .
893 461 936 476 =
964 449 1101 482 Omalus
1125 449 1168 482 id.
1194 451 1269 482 nob.

163 512 218 545 21.
248 510 398 556 »Chrysis
423 508 507 549 regia
533 507 692 539 German.
717 514 749 537 et
772 506 860 539 hah«
891 517 936 533 =
959 506 1173 554 Hedychrum
1198 507 1378 540 lucidulam
1404 509 1482 541 nob.
1508 506 1558 551 ff.

163 568 207 600 22

163 682 217 715 23.

163 795 218 828 24.

163 854 217 887 25.

163 967 218 1000 26.

164 1082 218 1114 27.

163 1138 207 1170 28

163 1195 217 1228 29.

165 1308 218 1340 30.

212 593 218 599 .
248 565 412 610 »Chrysis
420 564 588 610 fasciam
607 576 644 595 ex
657 564 767 597 Amer.
783 576 864 596 mer.

247 623 389 656 Smidt.1<
420 621 545 654 Forma
569 620 674 667 typica
692 645 698 652 .
749 646 755 652 .
807 646 814 653 .
865 646 870 651 .
898 630 943 647 =
965 619 1009 652 id.
1035 621 1112 653 nob.

245 678 376 726 Chrysis
401 677 532 711 saseiata
560 688 653 711 »imr-
679 689 721 711 ex
747 677 863 710 Amer.

244 746 346 770 mers<
373 737 481 769 forma
505 734 618 774 aliena,
642 747 710 767 non
734 734 842 781 typica
863 760 868 765 .
895 744 940 761 =
966 733 1097 780 Chrysis
1122 733 1359 767 distinctissima
1383 736 1461 767 nob.

250 793 415 839 »Chrysis
440 801 591 838 cyanea«
628 817 634 823 .
686 818 692 823 .
744 816 752 824 .
802 817 807 823 .
864 817 870 825 .
894 802 940 818 =
962 790 1006 823 id.
1031 791 1110 823 nob.

248 851 414 896 »Chrysis
436 850 592 894 parvula
611 861 647 881 ex
665 849 776 880 Amor.
791 861 871 880 mer.

244 908 382 942 Smidt.«
453 933 458 938 .
512 932 518 939 .
569 931 575 937 .
628 931 634 937 .
686 931 692 937 .
744 931 750 937 .
802 931 807 937 .
861 931 866 937 .
893 915 938 932 =
962 904 1006 937 id.
1031 905 1110 937 nob.

249 964 416 1010 »Chrysis
447 963 680 1007 smaragdum
719 976 755 994 ex
793 963 865 995 Ind.

245 1023 324 1056 Ora(
355 1022 479 1054 Forma
505 1019 618 1059 aliena,
641 1032 709 1052 non
733 1019 841 1065 typica
888 1030 933 1046 =
959 1019 1089 1065 Chrysis
1115 1017 1283 1051 Schiiidtei
1306 1019 1384 1051 nob.

249 1078 399 1125 »Chrysis
416 1091 491 1110 nov,
506 1090 553 1121 sp.
569 1089 605 1107 ex
621 1075 728 1117 Algier
743 1076 859 1110 Sum«
889 1087 935 1103 =
960 1074 1091 1121 Chrysis
1117 1087 1303 1121 cyanopyga
1328 1075 1405 1107 nob.

249 1135 399 1182 »Chrysis
424 1148 497 1167 nov.
524 1147 571 1178 sp.
599 1146 635 1165 ex
658 1133 730 1165 Iud.
755 1132 835 1166 ΟΝ(
860 1158 866 1165 .
891 1144 937 1160 --“
963 1131 1094 1178 Chrysis
1120 1130 1283 1164 orientalis
1307 1132 1385 1162 nob.

249 1192 399 1239 »Chrysis
422 1205 500 1224 nov,
523 1204 571 1235 sp.
600 1203 637 1222 ex
662 1191 772 1223 Amer¹
799 1203 870 1222 me—

243 1250 302 1283 rid.
332 1249 456 1282 Smidt.
483 1247 588 1281 affinis
606 1248 878 1293 smaragdulae‘(
894 1258 938 1274 =
965 1244 1096 1290 Chrysis
1121 1243 1238 1277 Smidti
1263 1244 1339 1276 nob.

248 1307 448 1349 »Par-nopes
495 1315 624 1338 carnea
673 1317 690 1337 e
739 1304 869 1346 Tanger

244 1363 457 1396 Schousboess
511 1388 518 1394 .
568 1386 575 1393 .
627 1388 633 1393 .
686 1386 692 1393 .
744 1387 750 1393 .
803 1387 809 1393 .
859 1386 867 1394 .
894 1371 940 1387 =
963 1359 1006 1391 id.
1032 1359 1109 1391 nob.

1681 2783 1691 2834 ’ψ’
1681 2596 1695 2767 *mu-m-
