1695 3241
247 315 304 356 50
773 311 814 352 5.
877 309 1121 367 Holopyga.

248 428 552 472 confertissime
585 432 626 467 et
657 425 964 467 distinctissime
995 425 1257 482 punctulato.
1319 427 1483 468 Venter
1512 426 1653 469 viridi-

250 515 447 558 cyaneus.

532 632 597 671 26.
652 631 907 684 Holopyga
934 631 1156 684 janthina
1184 630 1358 683 Spinola.

336 723 579 766 Mediocris
616 725 663 779 Ιὲ
698 726 773 766 vim
810 724 838 764 2
870 723 944 765 lin.
984 723 1179 765 deeimal.
1219 724 1333 779 long.
1375 738 1540 780 cyanea
1578 732 1653 765 aut

249 799 564 856 viridi-cyanea
587 800 728 854 capite
751 797 1006 854 thorae-eque
1036 799 1201 840 modice
1225 800 1447 853 punctalis
1478 806 1519 840 et
1546 814 1652 854 pun-

251 873 437 926 ctalalis',
469 873 694 914 abdomine
726 873 948 913 concolor-e
971 872 1199 928 confertim
1230 872 1444 914 subtiliter
1469 879 1653 927 punctu-

251 947 353 1000 lato,
384 947 470 988 alis
500 948 658 988 anticis
688 946 784 987 basi
813 945 1003 1004 hyalinis
1033 955 1217 988 ceterum
1249 947 1390 1001 ample
1419 947 1622 988 sordidis.

252 1036 337 1063 var.
370 1037 408 1062 a.
472 1019 698 1060 abdomine
731 1018 1000 1060 violascente.

299 1102 524 1148 Hedychrum
542 1101 756 1146 janthinum
781 1101 922 1146 Spinola
952 1099 1042 1144 (non
1066 1099 1186 1144 Klug).

253 1187 337 1214 var.
370 1172 405 1212 b.
467 1169 694 1211 abdomine
726 1169 1064 1226 viridi-cyaneo.

341 1244 524 1287 Habitat
553 1247 596 1285 in
629 1244 780 1296 Africa,
813 1244 865 1286 ad
897 1245 1240 1286 Promontorium
1261 1245 1409 1285 Bonae
1440 1245 1531 1300 spei
1556 1259 1578 1285 a
1600 1245 1667 1285 D.-

259 1320 565 1362 Westermann
596 1318 760 1361 detecta
793 1326 834 1360 et
864 1318 1018 1361 ibidem
1041 1334 1064 1360 a
1085 1320 1140 1361 D.
1161 1319 1345 1373 Draege
1367 1320 1516 1360 revisa.
1563 1319 1657 1361 Mu-

254 1397 334 1437 seis
365 1395 420 1436 D.
451 1394 508 1434 D.
546 1392 852 1436 Westermami
885 1400 926 1434 et
958 1393 1154 1448 spinola.

343 1468 564 1510 ObserV.
644 1467 803 1511 Paullo
843 1467 1016 1509 brevior
1059 1475 1101 1509 et
1143 1470 1279 1509 minus
1319 1466 1495 1509 robusta
1535 1481 1656 1522 quam

256 1542 410 1597 Holop.
444 1542 659 1593 luzulina7
699 1556 721 1581 a
763 1556 845 1595 qua
886 1549 1069 1582 ceterum
1109 1541 1231 1582 facile
1263 1541 1525 1598 dignoscitur
1553 1555 1657 1596 pun-

257 1623 373 1656 ctura
403 1614 537 1657 multo
570 1617 703 1656 minus
735 1629 871 1656 crassa
912 1615 1028 1666 (fere
1061 1623 1108 1657 ut
1137 1617 1179 1657 in
1212 1616 1368 1671 Holop.
1402 1623 1530 1656 ovata
1560 1629 1658 1656 con-

258 1691 458 1742 structa),
497 1688 723 1730 abdomine
762 1688 983 1730 unicolore
1023 1691 1130 1741 (nec
1160 1691 1382 1745 segmentis
1414 1688 1506 1730 basi
1538 1691 1660 1744 nigri-

258 1763 496 1816 cantibus),
536 1762 611 1804 alis
651 1762 830 1818 amplius
870 1762 1052 1804 sordidis
1086 1778 1121 1804 e.
1152 1778 1184 1804 s.
1215 1779 1257 1819 p.
1327 1764 1493 1804 Venter
1523 1765 1662 1818 nigro-

258 1840 401 1892 piceus
431 1836 712 1887 nitidissimus,
743 1851 967 1892 parumper
997 1837 1246 1879 violascens.

491 1967 555 2007 27.
609 1967 866 2020 Holopyga
893 1969 1262 2020 punctatissima
1290 1967 1420 2006 lem.

347 2057 545 2099 Robusta
572 2059 716 2113 251232.
744 2059 938 2101 decimal.
970 2060 1086 2114 long.
1117 2061 1273 2102 viridis
1303 2067 1378 2101 aut
1408 2061 1662 2116 cyaneo—vi-

261 2131 373 2173 ridis
405 2134 741 2186 punctalis-sima
781 2132 1007 2175 abdomine
1049 2134 1392 2187 aurato-viridi,
1442 2135 1526 2176 alis
1568 2134 1663 2175 basi

262 2204 450 2262 hyalim’s
481 2207 604 2261 apice
634 2207 774 2261 ample
790 2206 1000 2262 fumosis.

350 2279 532 2321 Habitat
563 2281 604 2321 in
636 2279 777 2321 Insula
807 2280 984 2331 Rhodo,
1026 2295 1049 2321 a
1082 2279 1174 2322 Cel.
1206 2279 1338 2322 Loew
1369 2295 1512 2322 mense
1544 2281 1660 2336 Majo

263 2353 427 2395 detecta
460 2360 501 2394 et
531 2354 629 2395 mihi
659 2353 841 2410 benigne
869 2356 1186 2396 communicata.

351 2427 575 2469 Observ.
626 2427 797 2483 Species
818 2427 942 2469 valde
965 2427 1176 2478 distincta;
1199 2442 1222 2469 a
1244 2426 1533 2484 subsequente
1556 2429 1663 2481 (Ho-

264 2501 423 2558 lopyga
453 2504 618 2554 ovata),
650 2503 719 2543 cui
749 2502 955 2544 simillima
986 2510 1026 2544 et
1057 2505 1229 2544 maxime
1261 2501 1417 2552 affinis,
1450 2517 1526 2558 per
1556 2518 1662 2558 pun-

264 2582 421 2616 cturam
450 2575 759 2617 abdominalem
780 2579 914 2632 primo
935 2578 1091 2618 intuitu
1113 2576 1381 2633 dignoscitur.
1429 2577 1483 2618 At
1505 2576 1661 2627 habitu,

261 2648 473 2704 sculptura
512 2652 658 2706 capitis
697 2657 738 2692 et
777 2651 958 2693 thoracis
999 2665 1078 2693 nec
1115 2664 1204 2693 non
1239 2653 1402 2707 pictura
1432 2649 1590 2707 pedum
1622 2657 1662 2692 et
