1695 3277
54 868 102 908 II.

1363 319 1453 345 xvn

165 866 395 924 Catalogus
437 869 855 924 Hymenopterorum
888 865 1307 922 Chrysidifonnium,
1351 866 1454 910 Col-

54 943 280 984 lectionum
313 943 366 984 de
387 941 630 984 Sehestedti
660 947 702 983 et
729 940 1074 983 Tiinder-Lamdz·
1104 943 1175 993 (in
1196 942 1349 983 Museo
1372 944 1454 984 Re-

53 1019 120 1072 gio
159 1018 389 1059 Havniensi
427 1018 779 1070 asservatorum),
828 1029 907 1071 pro
948 1015 1147 1057 Fabricii
1185 1016 1452 1072 „Systemate

80 1225 105 1254 1.

450 1091 715 1133 Piezatorum
726 1093 746 1112 “
777 1091 1051 1146 Typicorum.

137 1221 358 1267 »Diplolepis
383 1222 529 1269 Chrysis
561 1236 577 1256 e
600 1224 704 1257 Porto
727 1224 852 1258 Farino

140 1279 250 1313 Vahl«
320 1306 850 1314 ..........
876 1292 921 1308 =
948 1279 1078 1325 Cleptes
1102 1279 1201 1321 ignita
1225 1282 1304 1316 nob.
1331 1279 1381 1324 0⁷·

75 1338 106 1370 2.
136 1337 294 1380 »Cleptes
318 1336 557 1372 seminarum«
610 1365 617 1372 .
670 1364 677 1371 .
728 1364 734 1371 .
787 1365 793 1371 .
843 1363 851 1370 .
877 1349 923 1365 =
946 1337 990 1370 id.
1015 1338 1094 1370 nob.
1120 1333 1172 1380 (ζ’.

77 1395 107 1427 3.
137 1393 295 1437 »Cleptes
320 1394 440 1439 ignita
472 1407 489 1426 e
516 1393 620 1426 Tunis
651 1393 758 1428 Valet«
790 1421 796 1426 .
848 1420 854 1426 .
882 1405 927 1421 =
952 1394 998 1426 id.
1022 1394 1100 1426 nob.
1128 1392 1167 1435 Ω.

74 1451 106 1483 4.
137 1450 304 1495 »Chrysis
329 1450 531 1493 splendida«
608 1474 850 1484 .....
879 1463 923 1478 =
948 1450 1094 1483 Stilbum
1117 1449 1162 1482 id.
1187 1452 1265 1483 nob.

76 1507 106 1540 5.
136 1506 305 1552 »Chrysis
321 1505 462 1552 festiva
487 1518 505 1538 e
531 1505 684 1539 Guinea»
727 1532 733 1539 .
785 1532 791 1538 .
843 1532 849 1538 .
876 1517 922 1533 =
944 1506 1141 1539 Euchroeus
1164 1506 1208 1538 id.
1234 1509 1312 1540 nob.

75 1565 105 1597 6.
137 1563 304 1609 »Chrysis
329 1564 445 1598 calens
470 1576 508 1596 ex
532 1563 642 1596 Italia«
671 1587 680 1596 .
729 1588 735 1595 .
787 1589 794 1596 .
846 1587 854 1596 .
881 1574 926 1590 =
951 1562 1095 1596 Stilbum
1118 1561 1163 1595 id.
1188 1564 1266 1596 nob.

76 1624 104 1654 7.
137 1621 303 1666 »Chrysis
334 1620 553 1655 scutellaris«
614 1646 619 1652 .
672 1646 678 1653 .
730 1647 736 1654 .
789 1646 794 1652 .
846 1646 852 1652 .
881 1631 926 1647 =
949 1619 994 1652 id.
1019 1620 1098 1653 nob.

73 1679 103 1711 8.
136 1677 289 1724 »Chrysis
315 1678 461 1711 oculata«
492 1703 498 1710 .
551 1701 559 1709 .
609 1704 615 1710 .
668 1705 673 1711 .
725 1703 731 1709 .
785 1703 790 1710 .
843 1703 850 1710 .
876 1689 921 1705 =
945 1677 990 1710 id.
1016 1677 1096 1710 nob.

75 1736 106 1768 9.
136 1734 303 1780 »Chrysis
328 1735 437 1768 lusca.
489 1733 743 1768 Schlanbusch«
788 1761 793 1768 .
844 1760 851 1766 .
875 1746 919 1762 =
943 1734 986 1768 id.
1013 1735 1094 1766 nob.

55 1793 108 1826 10.
139 1791 304 1836 »Chrysis
328 1793 448 1836 lyncea
474 1804 493 1824 e
510 1791 640 1825 Guinea
662 1791 854 1837 Thonning
878 1803 924 1818 =
947 1791 992 1824 id.
1018 1792 1097 1824 nob.

55 1851 107 1882 11.
138 1848 305 1894 »Chrysis
322 1848 477 1895 fulgida
502 1862 541 1881 ex
565 1849 697 1882 Austria
727 1876 735 1884 .
788 1876 794 1882 .
846 1874 854 1882 .
879 1860 925 1876 =
948 1848 992 1881 id.
1018 1848 1097 1881 nob.

54 1907 107 1939 12.
138 1906 304 1951 »Chrysis
326 1916 530 1949 purpurea«
607 1931 849 1940 .....
874 1917 919 1933 =
943 1905 1140 1938 Euchroeus
1163 1903 1207 1936 id.
1234 1905 1311 1936 nob.

56 1965 108 1997 13.
139 1963 306 2008 »Chrysis
331 1963 526 2006 caerulipes
552 1977 568 1995 e
587 1963 692 1996 Timis
717 1962 839 1996 Vana«

130 2020 255 2053 Forma
280 2020 394 2059 aliena,
417 2031 487 2053 non
510 2020 617 2066 typica
667 2045 673 2051 .
726 2044 732 2051 .
784 2044 790 2050 .
842 2044 849 2051 .
875 2029 920 2045 =
946 2017 1078 2064 Chrysis
1102 2016 1199 2049 Vahli
1222 2017 1300 2050 nob.

53 2078 95 2110 14
138 2076 304 2121 »Chrysis
328 2076 470 2121 ignita«
492 2100 850 2109 .......
876 2086 921 2102 =
944 2074 988 2106 id.
1014 2074 1092 2107 nob.

54 2136 94 2167 15
137 2133 303 2178 »Chrysis
325 2133 506 2167 bidentum
532 2146 549 2166 e
568 2133 695 2166 Zawan
726 2131 855 2175 Vahl‹<;

130 2192 237 2224 forma
262 2189 377 2231 aliena,
402 2203 472 2223 non
495 2190 603 2237 typica
668 2216 674 2222 .
727 2215 733 2222 .
784 2217 790 2223 .
842 2215 848 2221 .
875 2201 920 2217 =
946 2188 1077 2235 Chrysis
1102 2186 1336 2235 erythromelas
1362 2188 1440 2220 nob.

54 2249 108 2282 16.
136 2247 302 2293 »Chrysis
326 2248 504 2293 integra«.
554 2247 574 2280 2
600 2246 804 2291 specimina:

131 2319 238 2338 uuum
266 2317 302 2338 »e
331 2305 475 2351 Tunger
501 2304 718 2338 Schousboe»
789 2330 795 2336 .
846 2329 853 2336 .
880 2315 924 2330 =
950 2301 1082 2349 Chrysis
1107 2300 1291 2334 Sehestedti
1315 2302 1393 2333 nob.

133 2363 269 2394 alterum
291 2374 328 2395 »e
343 2361 457 2396 Tanis
475 2360 603 2403 Valel«;
627 2362 733 2394 forma
745 2360 852 2407 typica
877 2372 922 2387 =
947 2358 1079 2406 Chrysis
1103 2358 1227 2400 integra
1250 2358 1329 2390 nob,

53 2420 106 2451 17.
137 2418 302 2464 »Chrysis
322 2419 486 2464 gloriosa
513 2431 530 2450 e
555 2418 685 2459 Tangcr
709 2418 855 2451 Schous·

133 2476 237 2513 hoe«,
262 2476 368 2508 forma
393 2475 505 2514 aliena,
529 2488 598 2507 non
623 2475 729 2521 typica
786 2500 792 2507 .
840 2499 847 2505 .
876 2484 921 2499 =
947 2471 1078 2518 Chrysis
1103 2471 1309 2504 Schousboei
1334 2472 1412 2504 nob.

53 2534 95 2566 18
138 2532 287 2578 »Chrysis
312 2531 474 2564 lucidula«
498 2555 507 2563 .
556 2558 562 2564 .
614 2556 620 2563 .
672 2557 678 2563 .
729 2555 735 2562 .
790 2555 797 2561 .
844 2555 850 2561 .
877 2540 922 2556 =
946 2527 1160 2574 Hedychrum
1183 2527 1227 2560 id.
1252 2529 1331 2561 nob.
1357 2527 1397 2570 Ω.

53 2590 105 2622 19.
137 2588 303 2634 »Chrysis
320 2588 469 2634 fervida
504 2601 520 2620 e
547 2588 678 2630 Tunger
703 2586 853 2621 Schoas-

132 2647 207 2680 boe«
263 2669 851 2678 ...........
877 2654 922 2670 =
946 2642 1162 2689 Hedychrum
1186 2641 1230 2674 id.
1257 2642 1335 2675 nob.
1364 2640 1404 2684 Ω.

1117 2708 1186 2750 *2
