1695 3241
194 267 354 311 Famil.
377 267 678 326 Chry-§ididae
717 266 922 324 Chrysis.-
953 265 1158 308 Phalarim
1185 265 1315 306 VIII.
1385 265 1470 306 335

71 387 305 428 numerosis
337 384 632 441 inaequalibus
664 384 751 426 scil.
783 390 824 425 et
854 382 1083 439 majoribus
1116 388 1157 423 et
1187 378 1470 422 mediocribus

72 466 114 502 et
144 461 304 516 parvis;
334 457 483 501 dentes
515 458 697 515 apicales
729 464 850 499 acute
871 456 1159 513 triangulares,
1188 453 1472 510 magnitudine

71 567 334 624 inaequales:
369 545 748 640 W
784 564 1020 607 intermedii
1059 566 1086 606 2
1118 565 1296 619 majores
1337 569 1377 605 et
1406 576 1474 605 ro-

71 676 295 726 bustiores,
326 672 565 716 secundarii
596 675 623 714 2
653 672 898 724 mediocres,
936 675 1095 714 externi
1125 674 1152 713 2
1183 671 1402 714 breviores
1433 679 1474 714 et

72 749 220 806 paullo
253 749 443 795 latiores;
477 747 805 801 emarginaturae
838 749 959 788 etiam
981 745 1245 801 inaequales:
1279 745 1474 788 centralis

71 838 217 879 magna
262 820 524 877 triangularis
571 820 803 876 profunda,
855 820 1128 862 secundariae
1173 822 1200 861 2
1239 820 1473 862 mediocres

69 896 235 939 modice
277 904 319 938 et
348 894 545 937 nonnihil
576 893 751 951 oblique
783 902 994 946 arcuatae,
1036 901 1229 936 externae
1261 896 1288 936 2
1320 909 1474 951 parvae

74 973 196 1012 etiam
229 970 406 1026 oblique
438 975 643 1011 arcuatae.

189 1121 237 1171 c)
270 1116 576 1171 (Abdominis)
624 1118 826 1173 segmenti
873 1115 1107 1168 (dorsalis)
1154 1116 1257 1157 32tii
1296 1121 1474 1170 utraque

274 1193 579 1248 emarginatura
625 1198 794 1233 externa
837 1189 963 1232 latior
1007 1204 1130 1246 quam
1172 1191 1473 1245 emarginatura

272 1265 481 1308 centralis.

299 1406 387 1445 189.
443 1405 643 1457 Chrysis
670 1403 975 1443 malachitica
1003 1402 1166 1455 Draege.
1197 1401 1239 1444 ῼ.

161 1488 399 1531 Mediocris
428 1491 456 1531 3
473 1491 546 1531 lin.
572 1489 764 1531 decimat.
787 1488 903 1542 long.
926 1486 1155 1542 confertim
1183 1487 1350 1528 modice
1363 1503 1475 1542 pun-

69 1569 187 1605 crata
217 1563 570 1619 viridi-cyanea,
618 1563 858 1604 abdominis
897 1563 1108 1616 segmenti
1145 1561 1334 1603 dorsalis
1364 1562 1475 1603 3ztii

69 1639 181 1679 serie
221 1638 516 1693 ante-apicali
539 1637 738 1693 foveolis
783 1634 1070 1677 mediocribus
1109 1635 1360 1677 orbiculatis
1398 1651 1475 1676 nu-

70 1714 266 1765 merosis,
299 1712 383 1754 alis
413 1712 617 1769 ltyalinis,
650 1711 769 1760 disco
802 1709 1004 1751 braun-eis
1026 1716 1067 1752 et
1086 1710 1475 1752 violaceo-mican-

71 1785 195 1826 tibus.

143 1875 289 1920 Chrysis
314 1874 545 1909 malachitica
569 1874 709 1916 Draege,
734 1874 914 1907 secundum
940 1873 1096 1905 Museum
1122 1872 1300 1916 Spinolae.

140 1932 286 1978 Chrysis
311 1932 407 1966 laeta
433 1933 522 1965 Mus.
541 1930 704 1972 Berolin.,
729 1931 910 1964 secundum
935 1930 1106 1964 Drewsen
1129 1928 1163 1961 in
1189 1929 1311 1962 litteris.

161 2013 344 2055 Habitat
374 2015 418 2054 in
449 2013 592 2054 Africa
621 2011 905 2062 meridionali,
945 2010 1000 2052 ad
1029 2013 1367 2067 promontorium
1397 2011 1476 2053 bo-

70 2102 150 2129 nae
171 2089 263 2143 spei
284 2101 307 2128 a
324 2087 450 2129 Dom.
469 2087 651 2142 Draege
671 2086 846 2128 detecta.
894 2086 1132 2142 Specimina
1153 2092 1314 2126 tantum
1335 2087 1362 2127 2
1380 2085 1476 2136 vidi,

71 2176 201 2203 unum
233 2176 256 2202 a
286 2161 413 2203 Dom.
436 2160 624 2217 Spinola
655 2167 695 2203 et
726 2160 901 2203 alterum
933 2175 956 2202 a
976 2161 1102 2202 Dom,
1130 2160 1343 2201 Drewsen
1365 2173 1476 2201 com-

69 2237 290 2277 municata.

158 2308 381 2351 Observ.
432 2308 599 2350 Statura
627 2308 716 2351 fere
744 2308 975 2366 Chrysidis
1005 2308 1200 2349 modicae
1230 2310 1328 2360 (no.
1349 2308 1473 2360 184).

72 2407 124 2416 --·
157 2382 330 2439 Corpus
361 2381 576 2424 mediocre
606 2382 813 2424 subovale
843 2381 1220 2438 viridi-cyaneum,
1252 2381 1473 2423 confertim

69 2456 234 2500 modice
271 2463 540 2514 punctatum,
587 2462 796 2513 punctura
835 2458 1002 2498 verticis
1033 2456 1298 2512 thoracisque
1329 2455 1476 2497 subre-

70 2531 239 2573 ticulata
280 2539 322 2573 et
360 2530 555 2573 nonnihil
595 2532 797 2573 crassiore
829 2545 952 2586 quam
983 2537 1192 2587 punctura
1224 2529 1473 2580 abdominis,

69 2604 242 2648 thorace
282 2604 595 2661 abdomineque
635 2604 764 2647 dorso
804 2604 928 2648 valde
959 2606 1170 2648 convexis.
1234 2604 1376 2662 Caput
1408 2619 1474 2646 ro-
