1695 3241
255 286 301 329 F
299 286 414 328 amil.
436 284 740 342 Chrysididae.
779 282 984 340 Chrysis.-
1014 280 1220 323 Phalanx
1242 279 1318 320 VJ.
1421 278 1507 319 269

108 406 260 447 leuiter
299 404 325 444 l.
357 403 578 445 lenissime
614 401 844 456 ungulato,
884 402 996 441 inter
1035 398 1241 452 angulum
1271 403 1312 438 et
1343 395 1509 437 dentem

110 479 320 534 apic-alem
343 478 446 532 plns
476 478 617 519 minus
647 476 847 517 distincte
877 475 1159 527 emarginato.

182 572 328 618 Chrysis
354 571 532 606 succincta
559 571 633 604 Lin.
659 571 694 604 S.
720 571 761 603 N.
788 570 821 602 2.
847 566 985 610 947:3;
1020 568 1119 600 Fabr.
1137 566 1176 598 E.
1197 566 1230 599 S.
1249 566 1282 598 2.
1299 563 1452 603 241213,
1468 582 1508 588 --

250 629 337 662 Piez.
367 628 454 661 174:
474 628 533 672 193
557 629 657 662 Panz.
681 628 746 661 Fn.
772 627 885 660 Germ.
914 625 978 658 77:
998 624 1053 665 163
1077 623 1192 655 lem.
1211 623 1308 654 lVlon.
1327 621 1404 654 Chr.
1422 619 1510 654 10:5

249 684 393 729 (exclus.
425 686 607 732 Synonym.
644 685 765 730 Chrys.
799 683 976 716 nitidulae
1009 680 1147 713 Alii-cns.
1180 679 1243 710 Fu.
1269 678 1386 718 4:12,
1429 690 1511 722 quae

251 742 476 787 Hedycltrmn
500 742 685 788 fervidum
710 751 756 767 =
782 739 927 784 Chrysis
951 737 1100 784 fervida
1133 736 1231 769 Fabr.
1259 749 1325 768 esse
1350 732 1511 777 videtur),

253 818 295 824 —
321 798 454 843 Πίερος.
483 798 583 832 1845.
611 796 748 831 10:10.

181 855 328 902 Chrysis
350 855 491 890 cellaris
516 855 568 887 De
594 853 690 888 Crist.
715 853 803 886 Mus.
832 852 1008 896 Spinolae.

181 913 327 959 Chrysis
351 912 570 948 succine-tata
595 911 724 956 Spinol.
750 910 839 944 Mus.
866 910 987 943 Vienn.
1012 917 1088 942 teste
1113 908 1156 942 D.
1183 906 1314 941 Kollar
1339 906 1373 938 in
1400 906 1458 938 liu.

199 993 382 1035 Habitat
413 995 456 1034 in
487 992 593 1034 locis
625 991 833 1033 sabulosis
871 1004 950 1031 nec
980 1003 1069 1031 non
1090 990 1132 1029 in
1154 987 1331 1029 floribus
1354 985 1514 1027 umbel-

111 1068 286 1109 latarum
316 1069 445 1109 totius
477 1068 687 1122 Europae,
719 1066 940 1121 Lapponia
973 1069 1162 1118 excepta3
1194 1064 1238 1103 in
1268 1060 1513 1116 regionibus

109 1140 455 1183 meridionalibus
495 1154 641 1197 parce,
688 1142 731 1181 in
770 1140 942 1194 Europa
983 1136 1145 1179 boreali
1184 1142 1321 1176 autem
1363 1149 1423 1175 ex.
1455 1148 1512 1189 gr.

111 1217 272 1267 Dania,
303 1222 343 1257 et
373 1216 523 1257 Svecia
554 1221 595 1256 et
624 1215 853 1269 Norwegia
883 1211 1097 1254 mensibus
1127 1212 1280 1260 Junio,
1319 1208 1440 1250 Julio
1474 1214 1515 1249 et

114 1290 304 1345 Augusto
335 1289 663 1343 subfrequenter
693 1287 940 1329 obveniens.

200 1362 423 1405 Observ.
464 1363 636 1419 Corpus
668 1368 887 1418 angustum
920 1368 961 1402 at
982 1359 1253 1402 nihilominus
1275 1357 1517 1412 proportio-

112 1436 263 1478 naliter
292 1436 526 1488 robustum,
558 1436 798 1492 elongatum
829 1434 1067 1491 pubescens
1100 1433 1320 1475 confertim
1351 1429 1517 1471 modice

111 1517 371 1566 punctatum.
434 1510 575 1567 Caput
613 1512 756 1565 potius
789 1508 1023 1564 quadrato·
1056 1522 1179 1563 quam
1209 1504 1518 1560 triangulariter

112 1583 403 1635 rotundatum,
434 1582 1077 1640 punctulato-subreticulatum,
1114 1581 1205 1623 aliis
1237 1593 1445 1635 cyaneum
1477 1583 1518 1618 et

113 1660 249 1699 antice
280 1665 353 1699 aut
383 1658 518 1700 viride
549 1665 621 1699 aut
643 1658 1066 1713 cyaneo-virescenS,
1098 1655 1189 1696 aliis
1211 1654 1361 1695 laetius
1383 1650 1517 1693 viride

114 1738 155 1774 et
185 1732 474 1774 tantummodo
507 1734 670 1788 postice
700 1731 937 1787 subtusque
969 1743 1243 1786 cyanescens,
1271 1727 1393 1769 color
1423 1726 1519 1766 viri-

114 1805 178 1846 dis
217 1806 426 1847 interdum
466 1821 515 1848 ex
553 1818 683 1848 aureo
717 1805 930 1861 splendet3
983 1806 1137 1845 cavitas
1170 1801 1329 1843 facialis
1361 1799 1521 1842 medio-

115 1880 193 1919 cris
225 1878 427 1933 quadrata
458 1879 683 1935 profunda,
713 1879 740 1921 l.
764 1878 880 1920 disco
904 1878 1035 1934 polita
1058 1875 1304 1918 nitidissima
1326 1881 1367 1915 et
1387 1872 1518 1914 limbo

115 1953 574 2008 punctulato-coriacea
605 1952 631 1993 l.
662 1959 751 1993 tota
782 1950 1261 2008 punctulato-coriacea3
1294 1951 1337 1989 in
1367 1947 1518 1988 frontis

116 2028 398 2077 convexitate,
445 2034 668 2082 antequam
709 2027 812 2068 haec
851 2028 893 2066 in
934 2026 1151 2066 cavitatem
1190 2022 1379 2064 facialem
1419 2020 1519 2072 abit,

116 2099 229 2156 apud
261 2100 464 2156 quaedam
495 2102 724 2157 specimina
756 2099 875 2141 adest
907 2099 1094 2140 carinula
1124 2105 1360 2140 transversa
1382 2094 1409 2137 l.
1430 2102 1520 2137 tan-

116 2181 203 2215 tum
239 2176 282 2216 in
322 2177 498 2230 vestigio
529 2174 556 2215 l.
587 2174 682 2230 plus
713 2176 847 2215 minus
880 2173 1105 2229 explicata,
1143 2173 1226 2214 hoc
1255 2174 1299 2213 in
1331 2185 1431 2211 casu
1461 2177 1520 2210 ta-

115 2263 220 2290 men>
260 2248 494 2304 inaequalis
534 2255 574 2289 et
613 2248 872 2304 irregularis3
925 2255 1134 2289 antennae
1173 2246 1325 2287 breves
1364 2245 1519 2294 fuscae,

114 2322 207 2363 basi
236 2324 491 2363 virescentes
524 2329 564 2363 et
594 2336 900 2378 nonnunquam
932 2319 1266 2368 aureo-nitidae,
1309 2317 1517 2374 flagellum

114 2396 336 2438 robustum
384 2395 807 2443 subcrassiusculu1n3
860 2395 1037 2450 clypeus
1078 2401 1338 2434 transversus
1378 2391 1518 2433 brevis

117 2471 224 2512 latus
276 2469 548 2526 punctulatus
589 2468 941 2524 viridi-cyaneo·
975 2475 1015 2509 et
1046 2468 1519 2522 nigro-aeneo-pictus,

117 2544 235 2586 disco
268 2547 496 2593 offirmatus,
529 2542 581 2584 ad
614 2550 799 2584 centrum
831 2544 1025 2598 marginis
1059 2541 1226 2596 apicalis
1258 2540 1351 2596 plus
1382 2542 1519 2581 minus

119 2617 311 2660 distincte
333 2617 839 2674 angulato-cmarginatus,
872 2615 1124 2672 marginibus
1146 2613 1388 2656 lateralibus
1412 2613 1519 2656 obli-
