1695 3241
437 288 474 330 7.
542 286 747 345 Chrysis.-
777 287 984 330 Phalanx
1003 288 1068 330 II.
1370 289 1452 330 157

47 402 374 459 subrugulosum
406 410 447 445 et
477 402 751 459 subopacum,
782 412 869 446 tum
903 430 954 437 —
984 412 1081 445 ante
1111 405 1260 445 seriem
1285 429 1337 436 -
1359 403 1455 446 hre-

48 479 215 518 vissime
255 484 296 519 et
334 477 545 519 lenissime
585 478 976 520 convexo—declive
1024 478 1050 519 l.
1089 477 1455 534 submarginatum,

48 552 178 592 series
210 551 495 607 ante-apicalis
516 553 706 593 immersa
731 551 870 593 medio
893 554 1134 607 interrupta,
1165 552 1346 594 soveolis
1379 567 1456 594 nu-

48 627 223 666 merosis
255 626 350 665 circ.
377 626 428 666 14
457 624 836 681 longitudinalibus
868 625 1182 667 sulciformibus
1214 625 1454 675 linearibus,

49 712 190 754 margo
222 698 393 754 apicalis
426 698 647 740 mediocris
680 698 1133 754 convexo-depressus
1164 700 1453 754 punctulatus:

47 787 232 814 summus
264 771 580 827 quodammodo
611 779 818 822 arcuatus,
855 778 896 812 at
927 774 1047 827 apice
1079 775 1275 827 utrinque
1306 776 1363 814 ita
1393 789 1456 815 se-

48 853 137 888 ctus
175 853 221 887 ut
261 846 402 902 anguli
443 847 470 888 4
510 845 696 887 obsoleti
735 853 776 887 et
812 845 943 887 latera
984 848 1010 887 6
1051 854 1223 888 exstant.
1291 849 1455 889 Venter

47 919 278 962 fornicatus
321 919 481 962 nitidus
520 934 706 975 cyaneus
755 919 978 962 confertim
1022 921 1454 975 punctulato-coria-

48 1008 159 1036 ceus.

417 1184 481 1223 86.
537 1183 737 1235 Chrysis
765 1184 956 1237 integra
982 1184 1093 1223 Fabr.

134 1290 377 1333 Mediocris
401 1294 502 1333 circ.
523 1292 571 1346 24
593 1292 667 1333 lin.
690 1291 884 1334 deeimal.
906 1292 1019 1346 long.
1051 1292 1218 1334 modice
1239 1299 1452 1347 pum-tata

47 1382 237 1423 cyaneo·
267 1373 308 1408 et
336 1366 749 1421 viridi-variegata,
785 1366 1026 1420 segmentis
1049 1365 1293 1408 abdominis
1324 1369 1453 1408 lemo

46 1442 75 1482 2
85 1441 247 1497 :doque
267 1442 427 1493 aureis,
458 1441 580 1481 3:1io
605 1439 701 1481 basi
723 1441 1035 1494 nigro-aeneo,
1061 1441 1181 1482 diseo
1212 1440 1452 1482 subaureo-

45 1515 202 1566 viridi,
236 1515 359 1570 apice
388 1529 572 1571 cyaneo,
611 1516 811 1567 margine
840 1513 1147 1566 subundulato,
1179 1517 1293 1556 serie
1328 1523 1452 1557 ante-

46 1589 207 1644 apicali
220 1587 419 1644 fovealis
447 1586 685 1628 linearibus
712 1587 994 1642 sabelliptieis
1021 1602 1110 1628 non
1139 1589 1451 1644 confluentibus

46 1663 146 1703 circ.
164 1663 233 1714 14,
254 1662 394 1702 medio
408 1677 492 1716 per
511 1662 790 1703 interstitium
810 1662 951 1703 viride
970 1663 1228 1717 interrupta,
1250 1664 1335 1705 alis
1354 1663 1451 1705 sub-

45 1736 221 1777 sordide
248 1735 438 1793 hyalinis
467 1737 588 1776 venis
611 1738 765 1791 piceis.

95 1833 242 1879 Chrysis
272 1833 414 1878 integra
446 1834 547 1868 Fabr.
579 1835 617 1867 E.
645 1834 679 1867 S.
705 1835 739 1866 2.
765 1833 845 1867 241.
872 1833 927 1867 12.
961 1844 992 1866 et
1020 1834 1107 1867 Piez.
1143 1833 1219 1867 174.
1249 1834 1302 1867 17.
1328 1835 1449 1868 certis-

163 1889 271 1923 sime!
300 1891 479 1923 secundum
510 1890 676 1935 specimen
704 1891 883 1935 typicum,
915 1903 933 1922 e
957 1890 1063 1923 'funis
1088 1890 1218 1923 Afficae
1242 1904 1259 1922 a
1284 1891 1328 1923 D.
1360 1890 1452 1924 Valtl

161 1956 376 1991 reportatum,
403 1948 494 1991 quod
519 1947 553 1979 in
579 1947 698 1980 Museo
723 1946 904 1980 Havniensi
928 1956 1046 1980 aestate
1071 1946 1162 1980 1847
1187 1947 1379 1980 examinavi.

132 2030 316 2072 Habitat
345 2031 388 2070 in
419 2030 620 2085 Hispania
655 2037 695 2072 et
726 2030 867 2071 Africa
897 2030 952 2071 D.
982 2029 1105 2072 Vam.

134 2103 353 2145 Observ.
432 2103 574 2159 Caput
624 2118 849 2160 cyaneum:
897 2104 1060 2146 macula
1099 2110 1195 2145 aute
1233 2110 1448 2146 stemmata

43 2175 178 2218 viridi.
241 2177 409 2218 Thorax
441 2191 646 2232 cyaneus3
679 2184 920 2233 pronotum,
952 2177 1115 2220 dorsuli
1147 2192 1270 2220 areae
1300 2178 1448 2220 latera-

43 2249 116 2300 les,
146 2249 367 2292 scutellum
401 2256 442 2291 et
472 2251 795 2306 postscutellum
825 2251 983 2294 viridia.
1040 2251 1176 2294 Pedes
1208 2254 1359 2308 cyanei
1389 2254 1447 2293 vi-

43 2323 123 2365 ridi
152 2323 471 2379 resplendentes
504 2327 623 2366 tarsis
654 2325 793 2366 fuscis.

103 2424 177 2465 {5³
211 2424 397 2470 Chrysidis
425 2404 598 2469 elegantis
628 2423 793 2458 varietates
816 2436 850 2464 c,
875 2426 899 2458 d
926 2434 956 2458 et
985 2436 1002 2458 e
1032 2425 1064 2457 in
1095 2425 1178 2458 Sect.
1208 2425 1240 2458 2.
1272 2425 1446 2471 descriptas

207 2479 325 2526 (Spec.
344 2478 413 2523 87)
439 2493 584 2525 quaeras.
