1695 3241
261 295 421 338 Famil.
444 295 747 354 Chrysididae.
785 297 992 355 Chrysis.-
1021 298 1227 341 Phalanx
1253 299 1330 342 Vl.
1420 300 1503 343 231

106 429 178 456 rax
215 405 626 469 ovali-cylindricus‘
662 415 882 456 confertim
933 429 1070 457 crasse
1109 423 1150 458 et
1188 416 1508 460 subreticulato-

106 495 331 546 punctatus
371 487 500 530 dorso
539 495 603 529 sat
634 501 867 540 convexus,
906 492 1042 531 antice
1072 496 1288 532 truncatus
1320 498 1360 533 et
1390 491 1508 548 paul-

106 563 240 604 lulum
279 564 494 618 angustius
534 576 657 618 quam
689 565 866 618 postice,
904 563 1120 606 dorsulum
1151 564 1407 621 subgibbum
1438 580 1506 607 su-

105 638 208 678 turis
246 636 448 678 medianis
487 635 578 677 basi
620 638 816 688 arcuatis,
855 637 1075 679 scutellum
1117 645 1158 680 et
1187 639 1506 694 postscutellum

108 712 383 759 convexiora;
415 715 672 751 metanotum
694 709 774 751 sub
794 711 1074 765 postscutello
1096 712 1506 769 foveam-sculptum,

106 783 219 825 unde
260 785 381 825 ctiam
413 783 647 825 Fabricius
677 782 704 824 l.
735 798 770 824 c.
808 784 1059 835 „scutellum
1090 787 1374 842 prominulum
1406 801 1507 829 con-

105 862 286 899 cavum“
323 857 468 906 habet3
522 859 724 898 metanoti
762 858 903 914 anguli
941 860 1336 914 postico-laterales
1368 864 1505 917 magni

103 932 187 974 late
217 931 511 988 triangularem
551 930 845 987 mesopleurae
875 936 1104 990 praecipue
1135 950 1273 977 crasse
1303 935 1504 991 sculptae,

103 1007 249 1055 harum
288 1014 469 1061 uterque
507 1005 634 1047 lobus
677 1007 795 1062 apice
835 1011 1111 1064 emarginatus
1143 1017 1184 1051 et
1213 1010 1311 1051 hinc
1340 1010 1506 1052 fortiter

103 1095 242 1123 crasse
264 1079 504 1136 obtuseque
525 1079 766 1121 bidentatus
787 1079 814 1121 l.
832 1083 951 1136 quasi
967 1081 1314 1125 bi-mucronatus.
1347 1083 1504 1138 Quoad

101 1157 306 1211 picturam
349 1162 411 1196 est
449 1154 616 1195 thorax:
665 1153 755 1195 aliis
786 1161 900 1196 totus
930 1155 1202 1197 viridissimus
1233 1156 1350 1198 unde
1381 1159 1502 1198 etiam

102 1244 127 1270 a
168 1230 371 1272 Fabricio
411 1229 589 1279 „thorax
627 1227 804 1270 viridis“
845 1228 1106 1281 describitur,
1138 1254 1195 1262 —
1226 1230 1316 1272 aliis
1358 1230 1502 1272 viridis

101 1303 269 1359 tegulis,
317 1302 478 1345 dorsuli
516 1317 613 1344 area
653 1301 787 1343 media
827 1318 875 1345 ex
913 1312 1033 1359 parte
1065 1312 1105 1347 et
1134 1311 1351 1347 metanoto
1383 1307 1503 1361 apice

102 1392 309 1434 cyaneuS,
344 1403 396 1410 -
429 1377 519 1418 aliis
559 1391 746 1433 cyaneus
776 1377 1140 1431 viridi-irroratus,
1174 1404 1227 1411 —-
1259 1378 1349 1420 aliis
1380 1378 1500 1420 undi-

101 1467 183 1507 que
213 1467 320 1507 pure
352 1466 551 1508 cyaneus.
611 1450 748 1492 Pedes
778 1451 1073 1508 viridi-cyanei
1104 1461 1177 1495 aut
1208 1454 1504 1509 cyaneo-viri-

100 1525 175 1567 des
212 1528 333 1567 tarsis
371 1526 511 1567 fuscis.
575 1525 678 1566 Alae
718 1528 880 1567 anticae
911 1533 1093 1567 saturate
1123 1527 1339 1567 violaceae
1371 1533 1412 1568 at
1442 1528 1503 1567 ni-

98 1599 325 1641 hilominus
355 1598 613 1655 pellucidae,
649 1600 729 1639 ima
760 1598 872 1639 basis
905 1606 945 1640 et
975 1614 1160 1641 summus
1191 1614 1334 1655 margo
1366 1601 1502 1656 apica-

97 1673 148 1715 lis
179 1673 430 1729 plerumque
461 1672 751 1728 albo-hyalini,
783 1688 890 1729 quae
921 1673 1147 1728 hyalinitas
1176 1673 1330 1715 basalis
1353 1681 1393 1715 et
1414 1676 1501 1730 api-

99 1747 198 1789 calis
236 1750 444 1790 rarissime
481 1750 538 1789 ita
578 1746 801 1803 ampliatur
832 1754 879 1788 ut
909 1747 1201 1789 tantummodo
1234 1746 1374 1789 discus
1407 1748 1500 1790 alae

97 1828 226 1863 restet
254 1822 488 1870 violaceus3
523 1835 658 1862 venae
690 1835 837 1862 omnes
867 1821 1014 1862 firmae
1043 1823 1207 1876 piceae;
1247 1821 1338 1863 alae
1367 1825 1499 1877 posti-

99 1910 172 1937 cae
212 1895 427 1946 sordidae,
477 1897 521 1936 in
557 1896 850 1935 recentissimis
890 1894 1117 1935 individuis
1157 1897 1278 1935 etiam
1317 1896 1498 1936 nitorem

97 1968 304 2025 praebent
324 1968 624 2010 violascentem
647 1981 733 2023 quo
756 1974 892 2008 autem
913 1966 1129 2008 individua
1153 1967 1302 2009 detrita
1324 1970 1498 2010 omnino

98 2050 259 2094 carent,
306 2057 449 2098 margo
489 2043 632 2084 harum
673 2041 830 2082 alarum
870 2044 1057 2097 posticus
1089 2056 1254 2098 semper
1283 2041 1366 2083 late
1397 2042 1498 2098 hya-

97 2117 227 2166 linus3
260 2119 466 2158 rarissime
489 2116 724 2158 obveniunt
746 2115 837 2156 alae
858 2117 1047 2170 posticae
1067 2122 1183 2157 totae
1204 2115 1496 2172 subhyalinae.

98 2191 322 2233 Abdomen
358 2190 581 2232 robustum
623 2190 863 2246 elongatum
904 2191 1038 2246 capite
1077 2191 1337 2246 thoraceque
1375 2190 1498 2231 simul

96 2267 241 2306 sumtis
262 2266 290 2319 ,ὲ
321 2267 400 2306 nisi
431 2265 450 2319 ὲ
481 2263 647 2319 longius
678 2262 1058 2319 subrectangulum,
1091 2264 1220 2306 dorso
1251 2263 1376 2305 valde
1398 2278 1498 2305 con-

97 2353 246 2381 vexum
278 2338 425 2380 crebre
457 2336 621 2379 modice
652 2343 908 2394 punctatum,
941 2344 1011 2378 aut
1042 2352 1148 2393 pure
1169 2351 1375 2392 cyaneum
1396 2337 1498 2379 late-

59 2415 62 2419 ’
95 2413 213 2455 ribus
245 2412 441 2454 obsolete
471 2413 693 2461 virescens,
724 2417 795 2451 aut
827 2411 1087 2452 coeruleum:
1118 2413 1340 2467 segmentis
1373 2411 1494 2453 lz'mo

95 2489 293 2543 utrinque
312 2485 485 2543 macula
516 2483 901 2535 subaurato-viridi,
933 2498 1057 2540 segm.
1080 2485 1193 2527 22d0
1224 2484 1426 2526 lateribus
1455 2491 1496 2526 et

95 2563 280 2617 margine
311 2559 461 2617 apicali
492 2559 628 2615 ample
660 2558 768 2600 laete
799 2557 1085 2610 viridi-nitido,
1117 2573 1243 2615 segm.
1266 2573 1431 2615 cyaneo
1455 2565 1496 2600 et

96 2639 255 2674 tantum
287 2632 404 2676 disco
436 2634 532 2691 plus
565 2636 698 2675 minus
729 2635 982 2684 virescente3
1014 2634 1096 2675 hoc
1125 2640 1384 2689 segmentum
1415 2639 1496 2674 tra-

1138 2707 1230 2749 16*
