1695 3241
168 277 225 318 26
716 275 757 315 3.
823 273 1012 314 Οιηαῖηε.

320 509 363 555 3.
423 508 597 554 Genus
634 505 908 554 OMALUS
942 507 1131 554 Panzer
1165 521 1224 553 ex
1256 514 1408 570 parte.

257 601 426 657 Corpus
457 604 630 657 paruum
663 602 690 642 3
720 600 940 641 millimetr.
977 625 1027 633 —
1061 601 1088 641 2
1118 599 1190 641 lin.
1223 599 1410 642 decimal.
1450 600 1562 656 long.

168 677 298 717 rarius
330 675 457 727 ultra,
490 674 866 731 proportionaliter
896 689 1090 725 crassum,
1122 681 1303 726 ovatum,
1335 681 1565 716 ovato-ro-

168 749 389 791 tundatum
420 757 492 791 aut
522 748 728 791 interdum
762 747 929 804 quidem
962 748 1427 804 subhemisphaericum.

256 823 532 865 Mandibulae
563 823 796 865 subbreves
828 830 899 864 aut
931 822 1162 865 mediocres
1194 823 1415 873 robustae,
1447 822 1566 879 paul-

168 896 302 938 lulum
334 904 537 947 arcuatae,
571 904 686 939 extus
709 912 940 947 convexae3
972 899 1102 938 intus:
1133 912 1156 938 a
1178 897 1316 940 medio
1339 900 1381 939 in
1404 899 1564 953 apicem

167 986 304 1021 cavae,
335 986 359 1011 a
388 971 480 1013 basi
509 973 553 1012 in
583 971 765 1012 medium
795 974 1058 1022 incrassatae,
1090 973 1208 1027 apice
1239 971 1566 1013 crenulato-tri-

168 1044 460 1086 denticulatae.

256 1118 480 1160 Abdomen
511 1118 695 1160 breviter
727 1125 767 1160 et
797 1117 880 1160 late
913 1124 1083 1159 ovatum
1113 1116 1324 1159 interdum
1359 1117 1568 1159 subhemi-

168 1193 440 1249 sphaericum,
471 1195 672 1249 segmenti
703 1193 880 1234 dorsalis
911 1193 997 1234 3:tii
1027 1205 1168 1247 margo
1201 1191 1371 1248 apicalis
1399 1194 1442 1234 in
1472 1207 1569 1234 cen-

167 1274 233 1308 tro
266 1270 426 1309 excisus
457 1267 484 1308 l.
517 1270 812 1324 emarginatus:
844 1268 1031 1308 excisura
1051 1266 1078 1307 l.
1103 1268 1404 1322 emarginatura
1433 1266 1566 1308 libera

167 1355 246 1382 nec
275 1343 513 1397 marginata.

254 1415 425 1470 Species
457 1414 597 1457 Omali
629 1414 809 1458 Generis
852 1417 875 1457 7
909 1416 1220 1471 cognoscimus:
1261 1417 1287 1456 6
1319 1416 1565 1470 Europaeas

169 1496 210 1531 et
245 1491 264 1530 l
302 1489 549 1530 Africanam.

197 1635 306 1676 Sect.
345 1635 374 1676 Ι.
437 1633 686 1675 Abdominis
716 1640 970 1688 segmentum
1002 1631 1168 1674 dorsale
1189 1634 1333 1674 3:1ium
1354 1636 1398 1675 in
1419 1642 1565 1675 centro

434 1709 625 1763 marginis
658 1706 828 1762 apicalis
861 1706 1165 1748 distinctissime
1199 1714 1239 1747 et
1263 1706 1567 1765 subtriangula-

434 1783 535 1822 riter
565 1783 745 1823 excisum
777 1780 803 1821 l.
837 1783 1143 1836 emarginatum.

528 1914 564 1952 8.
613 1913 808 1953 Omalus
836 1918 1032 1952 auratus
1076 1913 1208 1952 lem.

257 2016 432 2057 Parvus
455 2017 474 2056 l
492 2039 544 2047 —-
558 2016 604 2070 l}
627 2017 699 2058 lin.
722 2017 916 2058 decimal.
939 2017 1055 2072 long.
1077 2017 1431 2074 viridi-cyaneus,
1463 2034 1567 2060 raro

168 2090 385 2132 violaceus
417 2096 491 2131 aut
521 2105 765 2144 ‹tenes-cens,
797 2090 1037 2132 abdominis
1065 2092 1194 2132 dorso
1225 2092 1251 2132 I.
1282 2090 1412 2133 rubro
1451 2093 1475 2133 l.
1508 2095 1566 2134 υἰ-

168 2165 430 2207 ridi-aurato
460 2163 487 2204 l.
508 2164 869 2221 viridi-nigroque
898 2180 1044 2217 aeneo,
1077 2167 1430 2220 emarginamrae
1461 2183 1565 2209 mm-

169 2240 225 2280 lis
255 2239 363 2287 labis
396 2238 682 2280 mediocribus
713 2238 860 2280 obtuse
890 2238 1336 2293 subtriangularibus,
1370 2249 1566 2295 post-§cn-

171 2313 269 2356 tello
299 2312 430 2368 gibbo
460 2312 887 2369 subhemisplaeaericffi
919 2313 1003 2354 alis
1034 2316 1156 2369 apice
1186 2321 1256 2355 sat
1272 2312 1483 2369 saniosis.

267 2387 599 2429 Varietate-9.
664 2387 808 2428 Omali
839 2389 994 2429 aurati.

200 2462 330 2503 Divis.
361 2463 398 2503 1.
454 2462 562 2503 Area
603 2462 772 2517 pronoti
813 2463 973 2516 postica
1007 2469 1045 2502 et
1079 2461 1238 2503 don-suli
1270 2464 1405 2503 antica
1436 2463 1566 2504 nitida

452 2550 594 2592 sparse
624 2535 878 2591 punctulata.
943 2536 1084 2592 Caput
1125 2543 1164 2578 et
1205 2537 1349 2578 thorax
1382 2537 1567 2592 plurimis

453 2609 767 2666 viridi-cyanea,
789 2611 932 2666 paucis
956 2624 1059 2665 pure
1076 2625 1237 2666 cyanea
1259 2618 1330 2653 aut
1351 2611 1552 2654 violacea.
