1695 3241
170 293 257 335 222
346 292 504 333 anil.
529 289 829 346 L'lerysoe‘didae.
866 288 1072 345 Chrysis.-
1101 288 1305 330 Phalanx
1327 289 1405 329 VI.

171 412 434 464 impressum,
475 406 604 447 dorso
635 405 800 447 modice
833 419 1063 446 convexum
1096 405 1243 446 crebre
1275 404 1566 461 punctulatum

170 483 278 523 laete
309 479 442 521 viride
473 479 666 521 nonnihil
697 479 1091 535 aureo-splendens;
1122 486 1377 535 segmentum
1399 478 1567 521 dorsale

169 557 325 596 3:tium
357 553 749 605 subsemilunatum,
788 561 924 595 totum
954 553 1119 595 modice
1150 567 1383 595 convexum
1413 567 1493 594 nec
1523 555 1565 594 in

169 632 341 685 regione
371 630 493 670 seriei
525 628 692 684 quidem
725 630 970 678 immersum,
1008 630 1137 669 series
1168 627 1436 682 anteapicalis
1467 641 1568 668 con-

170 707 302 746 tinua:
335 702 516 745 foveolis
547 705 779 745 numerosis
810 704 1025 758 perparvis
1056 700 1249 742 rotundis
1282 716 1373 742 cum
1403 701 1567 756 reliqua

169 779 368 833 segmenti
417 784 623 833 punctura
671 777 794 818 facile
835 775 1168 826 confundendis,
1213 789 1355 830 margo
1396 774 1568 831 apicalis

169 853 308 893 brevis
347 851 654 907 subdepressus
691 850 1162 892 viridi-coerulescens:
1204 849 1403 890 dentibus
1433 851 1568 904 apica-

168 926 279 967 libus
312 925 593 967 mediocribus
626 932 695 966 aut
726 925 945 980 subparvis
967 923 1214 978 spinoideis‚
1255 924 1569 978 emarginaturis

169 1003 365 1050 arcuatis,
406 999 647 1041 lateralibus
686 998 853 1039 levibus
886 1000 991 1050 (nec
1020 995 1271 1052 profundis)
1301 996 1569 1051 subaugustis

171 1077 278 1127 (uec
307 1074 438 1126 latis),
471 1073 642 1116 centrali
673 1071 886 1129 profunda
918 1078 959 1113 et
990 1071 1123 1127 duplo
1155 1069 1392 1125 nisi'triplo
1417 1069 1568 1111 latiore

170 1164 293 1204 quam
335 1147 497 1203 singula
539 1161 707 1203 quaque
746 1145 1000 1195 lateraliunu
1049 1146 1147 1186 hinc
1184 1146 1381 1199 utrinque
1419 1142 1568 1185 dentes

170 1223 257 1265 duo
289 1224 575 1279 approximati‚
606 1236 685 1263 nec
710 1220 786 1261 ulti
806 1235 920 1262 mere
943 1219 1160 1270 centrales,
1190 1221 1390 1266 existunt3
1420 1224 1569 1259 venter

169 1312 355 1353 cyaneus
386 1299 525 1352 nigro-
556 1303 596 1337 et
626 1294 1026 1345 viridi-maculatus,
1056 1301 1171 1336 totus
1194 1291 1568 1349 depresso-planus

170 1386 249 1413 nec
280 1371 371 1412 ullo
403 1369 532 1411 modo
567 1369 809 1411 fornicatus.

375 1534 460 1570 121.
516 1532 715 1582 Chrysis
744 1531 1082 1583 megacephala
1111 1530 1273 1568 Bohem.
1321 1531 1361 1571 Ω.

260 1621 500 1662 Mediocris
532 1621 668 1661 ovale's
699 1619 872 1660 robusta
903 1619 950 1672 2}
971 1619 1044 1658 lin.
1067 1618 1259 1659 decimal.
1281 1618 1395 1670 long.
1419 1631 1570 1671 sparse

172 1696 336 1737 modice
349 1702 571 1751 punctam,
594 1694 740 1735 sabim
757 1709 934 1750 cyanea,
957 1709 977 1733 s
990 1709 1051 1747 up
1062 1708 1121 1732 ra
1143 1694 1358 1732 virescens
1381 1707 1406 1731 a
1419 1706 1476 1731 en
1489 1707 1544 1731 eo
1557 1718 1570 1721 -

172 1769 582 1812 aurato-nitida
615 1770 748 1809 tarsi-s·
770 1768 983 1818 testaceis,
1015 1767 1197 1820 capite
1229 1767 1454 1805 maximo
1485 1781 1570 1805 cn-

172 1845 314 1894 ὒὶεο,
361 1844 545 1884 cavitate
560 1842 730 1897 faciali
759 1856 943 1896 superne
974 1855 1057 1880 non
1089 1841 1352 1893 marginata,
1393 1839 1572 1893 occipite

171 1919 335 1967 inermi,
369 1917 591 1957 abdomine
622 1923 756 1964 ovalo,
788 1916 999 1969 segmenti
1029 1914 1141 1955 3.·Ιὶἰ.
1172 1914 1370 1967 margine
1400 1912 1574 1953 later-ale*

156 1993 378 2048 flea-noso,
411 1991 578 2032 alarum
610 1990 773 2032 cellulis
805 1989 1037 2031 discoidah'
1067 1988 1289 2043 convpleta,
1320 1987 1483 2028 radiati
1512 1988 1572 2027 ἰη-

171 2067 393 2120 completa,
426 2067 580 2106 venis
599 2064 739 2120 sirm
753 2064 841 2105 ibn
856 2080 877 2104 s
901 2065 1093 2118 piceis.

244 2170 391 2215 Chrysis
417 2170 668 2215 megacepltala
696 2170 868 2203 Bobenmn
893 2168 927 2200 in
954 2167 1066 2200 litteris
1091 2168 1131 2199 ad
1156 2167 1199 2200 D.
1223 2166 1478 2200 Westermann.

261 2261 443 2303 Habitat
473 2262 515 2302 in
547 2261 757 2317 Aegypto,
789 2261 899 2302 Mus.
923 2261 975 2300 D.
1006 2260 1071 2300 W
1068 2266 1321 2300 ester-mann.

260 2335 483 2378 Observ.
546 2335 677 2376 Nimis
720 2335 858 2375 affluis
898 2341 938 2375 et
975 2332 1117 2374 similis
1163 2332 1368 2388 Chryside*
1406 2331 1571 2372 Eleren-

174 2411 295 2465 ber-gi
336 2417 462 2465 atque
494 2416 539 2450 ut
570 2410 696 2464 hujus
727 2410 903 2450 varietas
935 2409 1070 2462 primo
1102 2408 1254 2449 intuitu
1285 2405 1406 2446 facile
1438 2408 1574 2446 existi-

173 2483 335 2525 manda.
389 2485 580 2525 Attamen
607 2483 788 2540 Chrysis
818 2482 1124 2537 meg-acephala
1155 2479 1428 2536 sequentibus
1461 2482 1571 2521 notis

175 2560 399 2613 praecipue
438 2558 778 2598 characteristicis
810 2564 921 2598 certe
961 2555 1236 2612 dignoscitur,
1286 2554 1372 2595 scil.
1405 2556 1569 2603 vertice,

176 2638 373 2685 promto,
405 2638 628 2673 mesonoto
662 2630 984 2687 abdominisque
1017 2630 1146 2672 dorso
1171 2630 1400 2685 conspicue
1421 2641 1574 2670 aeneo-
