1695 3277
0 2587 5 2631 ll

0 2633 2 2642 v

0 2639 6 2692 ἔ

373 299 555 358 Chrysis
585 301 686 343 Lin.
753 301 974 344 Caracler.
1007 303 1186 344 normal.
1453 305 1481 344 3

73 416 183 458 lares
215 423 256 458 et
286 415 462 458 labiales
494 417 748 459 biarticulati
790 417 1042 469 brevissimi,
1081 420 1213 460 instar
1250 418 1479 461 setularum

73 489 264 531 brevium
296 490 520 546 rigidarum
555 491 865 533 obsoletissimi.

163 563 446 607 mandibulae
471 566 754 622 magnitudine
778 573 818 607 et
839 568 1025 608 crassitie
1047 568 1265 618 variantes,
1298 567 1477 623 plerum-

73 652 155 692 que
185 640 396 694 trigonae,
427 638 577 680 subtus
609 639 803 681 nonnihil
834 647 1075 691 excavatae,
1112 643 1231 697 apice
1261 643 1395 683 inciso
1429 643 1478 683 l-

71 712 98 752 2
111 713 162 754 -3
173 737 190 744 -
203 720 395 754 crenatae
428 712 454 754 l.
487 712 779 755 denticulatae.

161 785 355 828 Imbrum
389 802 582 843 parvum:
623 787 712 828 aliis
753 786 1149 839 subsemilunatum,
1189 788 1279 830 aliis
1319 788 1477 830 lineare

73 866 113 901 et
144 859 356 912 obtusum,
387 860 638 917 plerumque
669 860 975 913 absconditum,
1007 864 1190 918 margine
1211 862 1361 918 apicali
1382 862 1476 918 plus

71 935 207 975 minus
239 934 438 976 ciliatum.

165 1008 352 1066 Clypeas
383 1016 666 1051 transversus:
707 1008 734 1051 l.
766 1009 1058 1061 brevissimus,
1091 1010 1117 1052 l.
1149 1009 1289 1052 brevis
1321 1011 1347 1052 l.
1379 1025 1476 1052 raro

70 1081 312 1133 mediocris,
352 1082 470 1124 disco
508 1083 757 1139 plerumque
797 1083 1160 1140 longitudinaliter
1191 1099 1402 1126 convexus
1436 1091 1476 1126 et

72 1158 272 1212 utrinque
302 1158 531 1198 immersus.

157 1230 384 1272 Antemnae
415 1230 685 1286 geniculatae,
727 1232 958 1283 filisormes,
990 1232 1078 1274 fere
1109 1231 1161 1274 ad
1194 1234 1279 1274 oris
1311 1240 1478 1288 apertu-

69 1317 157 1345 ram
187 1304 227 1345 h.
257 1319 293 1346 e.
325 1307 368 1346 in
400 1304 490 1346 basi
522 1304 548 1346 l.
580 1307 695 1358 juxta
725 1306 845 1347 basin
879 1306 1020 1362 clypei
1050 1309 1251 1357 insertae,
1282 1309 1477 1362 approxi-

69 1384 218 1428 matae,
248 1380 292 1419 in
313 1380 418 1420 vivis
445 1381 592 1420 eximie
622 1379 847 1430 vibratiles,
878 1382 922 1421 in
953 1383 1128 1422 mortuis
1160 1380 1355 1422 nonnihil
1385 1395 1477 1421 cur-

69 1466 148 1492 vae
169 1451 196 1492 l.
219 1451 316 1506 plus
338 1454 473 1493 minus
495 1453 723 1502 involutae,
749 1454 934 1495 articulis
960 1455 1013 1495 13
1035 1457 1312 1509 compositae:
1344 1469 1474 1510 scapo

69 1527 246 1567 maximo
269 1527 432 1576 conico,
464 1524 676 1581 pedicello
709 1532 749 1567 et
780 1527 959 1568 articulo
991 1527 1199 1568 terminali
1224 1527 1475 1583 plerumque

69 1598 342 1643 brevissimis.

161 1674 290 1716 Oculi
318 1673 512 1716 laterales
543 1676 797 1730 integerrimi
829 1677 944 1717 ovati
975 1675 1071 1731 plus
1102 1677 1237 1717 minus
1270 1679 1435 1718 exserti.

160 1749 318 1791 Facies
349 1751 457 1790 inter
487 1747 651 1790 orbitae
684 1757 724 1791 et
756 1749 897 1805 clypei
927 1748 1049 1791 basin
1081 1764 1161 1806 pro
1193 1753 1328 1806 scapis
1360 1753 1476 1806 quie-

67 1823 282 1865 scentibus
312 1825 513 1879 impressa
544 1824 569 1864 l.
591 1825 781 1865 immersa
804 1831 845 1865 et
865 1822 1021 1866 ibidem
1043 1824 1313 1866 subtilissime
1344 1832 1476 1866 trans-

67 1911 188 1939 verse
220 1900 418 1955 strigosa;
450 1913 558 1954 quae
581 1898 718 1954 ampla
739 1900 957 1954 impressio
989 1897 1238 1953 plerumque
1271 1900 1474 1939 cavitas

69 1971 287 2013 facialis
317 1975 570 2014 nominatur.

157 2045 306 2086 Frons
345 2053 387 2087 et
424 2046 585 2088 Vertex
624 2044 1060 2100 depresso-convexa
1100 2044 1125 2085 l.
1168 2044 1475 2087 convexo—de-

67 2132 223 2174 pressa.

157 2193 397 2236 Stemmata
437 2192 463 2235 l.
494 2193 802 2250 triangulariter
840 2192 867 2234 l.
898 2195 1097 2234 arcuatim
1132 2195 1175 2235 in
1205 2195 1362 2235 vertice
1394 2193 1475 2235 dis-

67 2269 217 2324 posita.
278 2268 427 2323 Margo
461 2267 691 2324 occipitalis
724 2268 1020 2323 prothoracem
1052 2282 1199 2309 versus
1231 2267 1322 2309 aliis
1354 2270 1475 2309 muti-

68 2356 162 2392 cus,
194 2341 284 2383 aliis
317 2341 556 2397 angulanis,
587 2342 677 2383 aliis
709 2341 1018 2397 subspinoideo
1051 2340 1296 2397 productus,

162 2416 341 2458 Thorax
371 2415 732 2471 subcylindrimis,
771 2415 867 2471 plus
900 2418 1036 2457 minus
1069 2428 1301 2465 convexus,
1337 2417 1473 2457 antice

67 2490 93 2531 l.
127 2489 515 2532 arcuato-obtusus
547 2489 573 2530 l.
608 2496 830 2539 truncatus,
863 2491 1024 2544 postice
1056 2495 1286 2530 truncatus.

156 2565 396 2606 Dor-sulum
427 2565 582 2605 suturis
619 2561 1017 2619 longitudinalihus‚
1056 2578 1231 2619 quarum
1270 2562 1472 2605 medianis

69 2639 97 2679 2
129 2638 379 2695 plerumque
410 2637 753 2680 distinctioribus.

1144 2711 1205 2752 1*
