1695 3241
228 290 314 331 312
374 286 532 329 Famie.
555 283 855 341 Olzrysididae·
894 282 1096 340 Chrysis.-
1119 282 1324 325 Phalanx
1352 283 1481 325 VIII.

233 463 339 504 Sect.
373 461 426 501 V.
490 458 739 500 Abdominis
779 458 951 500 dorsum
992 464 1065 499 aut
1104 457 1256 508 viride,
1304 464 1376 498 aut
1414 471 1631 514 cyaneum,

490 540 560 574 aut
591 531 849 583 coeruleum,
879 538 951 574 aut
971 531 1219 582 violascem,
1249 545 1464 587 nunquam
1486 545 1634 574 aureo-

490 609 660 664 pictum.

434 698 564 738 Divis.
602 699 638 738 l.
699 695 1023 738 Postscutellnm
1063 697 1222 737 inerme
1263 698 1377 748 (non
1417 709 1635 737 mucrona-

699 778 797 822 tum,
830 771 926 812 licet
958 769 1164 812 interdum
1198 784 1335 811 crasse
1366 773 1604 826 rugosum).

500 861 710 903 Subdivis.
737 863 773 903 l.
827 860 1079 903 Abdominis
1110 862 1311 914 segmenti
1337 858 1514 900 dorsalis
1536 861 1634 901 3:1ii

825 934 991 976 dentes:
1025 935 1050 975 4
1073 935 1264 989 apicale-s·
1295 940 1335 974 et
1365 933 1636 983 mater-ales,-

830 1015 1010 1063 nterque
1049 1007 1153 1049 dens
1185 1007 1368 1049 lateralis
1400 1022 1535 1064 prope
1566 1006 1637 1048 ba-

829 1084 892 1124 sin
923 1084 1117 1138 marginis
1138 1081 1333 1132 lateralis,
1366 1089 1406 1123 et
1435 1084 1548 1138 juxta
1578 1084 1637 1123 in-

827 1158 943 1198 itium
974 1158 1098 1199 seriei
1128 1156 1440 1212 ante-apicalis,
1470 1158 1585 1198 situs.

561 1358 648 1397 177.
703 1357 904 1410 Chrysis
932 1357 1190 1410 splendens
1218 1358 1331 1411 Klug.

336 1440 577 1484 Mediocris
607 1444 762 1498 2—2{
783 1444 857 1485 lin.
890 1444 1084 1485 decimal.
1116 1444 1232 1498 long.
1263 1456 1411 1484 cra-sse
1436 1446 1644 1496 punctam

241 1516 572 1573 viridi-cyanea
602 1519 759 1559 vertice
789 1518 1046 1574 tltoraceque
1077 1517 1485 1566 aureo·macedatis‚
1515 1514 1642 1554 abdo-

248 1590 379 1630 minis
410 1590 543 1632 dor-so
564 1592 943 1643 viridi-maculato,
974 1599 1193 1646 segaervento
1217 1591 1325 1632 2:do
1346 1589 1543 1631 carinula
1563 1602 1644 1627 me-

245 1663 379 1704 diana
410 1663 629 1717 distincta,
662 1664 746 1705 ali-s
775 1664 977 1721 hyalim‘s.

313 1748 460 1794 Chrysis
484 1750 664 1793 splendens
690 1750 776 1792 Klug
800 1751 979 1783 secundum
1006 1751 1092 1783 Mus.
1120 1750 1297 1794 Spinolae.

334 1825 514 1867 Habitat
544 1827 587 1866 in
610 1825 750 1867 Africa
781 1825 1045 1867 meridionali
1076 1824 1128 1866 ad
1151 1826 1487 1880 promontorium
1508 1823 1647 1865 bonae

246 1901 347 1955 spei,
379 1899 490 1940 Mus.
511 1899 565 1940 D.
590 1899 787 1954 Spinola.

335 1971 444 2015 obs
457 1987 556 2014 erv.
619 1973 792 2029 Species
823 1973 1027 2024 formosa,
1067 1973 1297 2016 Encltraeo
1320 1980 1564 2029 purpurato
1594 1971 1648 2014 ad

248 2046 433 2089 habitum
464 2047 700 2103 paullulum
731 2047 886 2090 similis.
917 2074 973 2080 —-
1012 2047 1183 2104 Corpus
1215 2047 1338 2089 ovale
1367 2062 1509 2104 sparse
1539 2050 1650 2090 cine-

249 2121 541 2178 reo-pilosum
582 2120 792 2163 obtusum.
856 2122 997 2179 Caput
1046 2130 1087 2164 et
1124 2123 1270 2164 thorax
1307 2121 1472 2163 fortiter
1509 2136 1646 2163 crasse

249 2202 450 2253 punctata
489 2195 800 2238 subreticulata.
861 2196 1001 2253 Caput
1040 2194 1556 2251 rotundato-triangulum
1590 2197 1649 2236 vi-

249 2270 359 2321 ride,
396 2272 554 2312 vertice
585 2270 702 2313 disco
733 2271 947 2320 violace03
987 2270 1102 2312 oculi
1133 2270 1255 2312 valde
1287 2272 1454 2320 exserti,
1494 2272 1647 2310 cavitas

252 2344 411 2386 facialis
449 2344 673 2387 mediocris
711 2346 1008 2402 rectangularis
1054 2344 1264 2386 subtiliter
1299 2342 1652 2400 punctulato-co-

251 2421 398 2470 riacea,
428 2418 567 2461 medio
589 2419 874 2471 canaliculato,
905 2419 1105 2462 lateribus
1137 2408 1439 2467 albo-sericea,
1468 2432 1650 2473 superne

254 2535 489 2571 transverse
519 2532 744 2585 marginata
774 2531 957 2586 margine
987 2544 1151 2571 sursum
1183 2536 1246 2570 ter
1276 2527 1473 2584 angulato
1507 2511 1645 2591 m

259 2632 297 2665 et
328 2628 541 2670 emittente
571 2630 614 2670 in
646 2631 841 2671 verticem
874 2628 983 2671 duos
1014 2628 1209 2680 ramulos,
1239 2641 1367 2683 supra
1388 2633 1559 2668 stemma
1582 2639 1653 2667 an-
