1695 3277
479 954 512 1002 I.
589 951 876 1003 PRAEFA
889 951 961 1000 TI
974 951 1030 1000 O.

62 1215 223 1303 Quam
268 1254 380 1283 311110
427 1235 552 1283 1845
595 1235 691 1281 orbi
736 1233 908 1280 erudito
951 1234 1241 1297 promiseram
1286 1229 1466 1295 Chrysi-

64 1312 215 1359 darum
250 1312 611 1374 descriptionem,
647 1327 742 1356 eam
777 1327 894 1355 nunc
929 1307 1104 1356 tandem
1141 1308 1292 1354 amicis
1323 1306 1466 1352 fauto-

62 1388 274 1450 ribusque
308 1386 436 1432 huius
473 1387 621 1447 operis
658 1385 810 1430 offero.
867 1381 996 1433 Quod
1031 1383 1251 1446 aliquanto
1285 1380 1466 1436 tardius,

62 1478 191 1525 quam
225 1461 268 1506 in
302 1461 418 1506 votis
453 1459 606 1514 fuerat,
641 1459 849 1503 volumen
885 1457 971 1503 hoc
1006 1459 1048 1503 in
1083 1458 1230 1504 lucem
1265 1454 1465 1519 prodeat,

63 1537 213 1600 paucis
247 1543 297 1581 ut
331 1550 543 1582 excusem
578 1549 768 1579 necesse
805 1539 884 1578 est.

158 1610 198 1657 A
234 1609 538 1674 compluribus
574 1607 872 1670 entomologis
906 1613 1102 1669 rogatus,
1134 1614 1185 1653 ut
1216 1604 1465 1653 Fabriciani

60 1687 313 1752 systematis
336 1683 614 1731 Piezatorum
638 1691 888 1730 accuratam
924 1682 1105 1729 ederem
1141 1682 1464 1746 synonymiam,

60 1762 147 1808 hoc
182 1763 224 1808 in
249 1779 321 1807 me
346 1759 537 1807 delatum
563 1777 723 1806 munus
746 1776 957 1806 recusare
983 1758 1115 1804 nolui.
1175 1755 1291 1803 Cum
1317 1763 1463 1802 autem

58 1836 249 1884 Fabricii
284 1835 576 1891 definitiones,
611 1844 812 1882 veterum
849 1835 1116 1897 scriptorum
1149 1849 1289 1887 more,
1326 1831 1463 1878 colle-

59 1914 189 1968 ctive,
220 1921 270 1958 ut
302 1913 360 1958 ita
397 1911 552 1968 dicam,
586 1910 741 1967 factae,
776 1911 819 1956 in
854 1911 1026 1955 incerto
1062 1908 1239 1970 saepius
1273 1924 1357 1952 nos
1391 1923 1463 1952 re-

59 1988 274 2051 linquant,
325 1988 496 2032 cuinam
539 1988 695 2047 generi
734 1985 808 2031 vel
851 1985 1019 2047 speciei
1059 1980 1322 2029 tribuendae
1365 1982 1463 2036 sint,

61 2080 160 2108 cum
202 2068 431 2125 praeterea
475 2059 593 2123 apud
628 2077 728 2106 eum
762 2060 925 2106 multae
961 2058 1291 2120 designationes
1327 2058 1461 2102 omis—

60 2155 135 2184 sae
162 2137 259 2191 sint,
295 2135 455 2199 quibus
479 2152 575 2191 1103,
599 2135 946 2181 accuratioribus
970 2133 1328 2196 indagationibus
1354 2149 1460 2178 con—

59 2212 186 2267 sueti,
219 2227 372 2256 carere
406 2227 495 2256 non
529 2228 779 2273 possumus,
813 2210 933 2256 nullo
969 2209 1052 2255 alio
1087 2208 1222 2255 modo
1258 2207 1363 2253 mihi
1397 2210 1460 2254 vi-

59 2306 133 2334 sus
168 2304 262 2333 sum
298 2287 514 2349 propositi
549 2287 637 2332 mei
670 2285 801 2333 finem
837 2286 1013 2349 assequi
1047 2301 1198 2348 posse,
1232 2285 1314 2329 nisi
1347 2301 1461 2347 quae

59 2361 254 2408 Havniae
289 2368 422 2424 atque
445 2359 674 2408 Kieloniae
701 2369 980 2408 asservantur
1001 2358 1194 2407 Fabricii
1218 2360 1460 2421 specimina

60 2439 209 2502 typica
243 2454 342 2482 cum
366 2434 557 2482 Fabricii
593 2438 854 2501 synonymis
878 2435 1035 2482 sedulo
1063 2451 1380 2497 compararem,
1417 2442 1460 2480 et

61 2513 321 2558 ditissimum
356 2528 556 2557 museum
590 2510 882 2557 Ber-olinense
917 2511 1013 2572 ipse
1050 2511 1328 2572 inspicerem.

155 2585 233 2633 Ad
273 2586 390 2632 hunc
431 2585 560 2632 finem
604 2604 682 2632 rex
718 2594 870 2632 noster
905 2585 1274 2632 clementissimus
1309 2582 1459 2639 Oscar,

61 2664 253 2709 omnium
278 2663 490 2710 bonarum
515 2663 670 2708 artium
695 2662 838 2709 fautor
861 2669 993 2725 atque
1013 2668 1256 2725 promotor,
1279 2662 1458 2707 ineunte
