1695 3241
189 273 247 314 80
371 307 389 315 ,.
696 271 735 310 6.
798 266 1083 326 Hedychrum.

187 402 296 439 „nos
318 386 514 436 IIalictes,
545 383 648 425 dans
669 383 709 425 la
731 385 918 426 cachette
940 388 998 426 ou
1027 383 1128 426 elles
1150 397 1197 426 se
1217 385 1441 441 tapissent3
1473 384 1586 428 alors

187 461 399 513 „celui-ci
439 459 563 515 plane
602 458 837 500 au-dessus
869 458 923 500 de
953 458 1146 499 l'ennemi
1178 472 1394 510 commun,
1434 473 1482 500 ce
1514 462 1588 515 qui

187 535 364 586 „amene
393 548 452 575 un
480 532 641 575 second
663 532 812 583 Halict,
835 540 875 574 et
896 530 1061 574 bientet
1082 547 1141 574 un
1162 535 1384 584 troisieme,
1410 540 1450 574 et
1473 533 1589 575 enfin

185 623 272 659 „un
301 607 396 663 plus
428 607 558 663 grand
588 608 786 658 nombre;
827 614 968 649 toutes
1000 606 1112 648 alors
1143 606 1318 664 planent
1348 607 1588 649 au-dessus

184 682 268 733 „de
309 682 348 723 la
390 682 586 739 Chrysis,
645 681 819 738 qu’elles
858 681 1066 724 semblent
1105 681 1307 724 redouter
1346 681 1588 737 d'attaquer,

183 763 257 807 „et
296 758 369 811 qui
407 770 453 798 se
492 759 596 798 tient
633 756 865 798 immobile:
916 755 1052 807 enfin,
1099 755 1274 812 lorsque
1309 755 1371 797 les
1412 755 1586 797 abeilles

182 829 451 884 ,‚(Halictes)
483 845 528 873 se
567 838 768 873 trouvent
798 830 1104 872 suffisamment
1135 832 1347 872 rassure'es
1378 845 1454 886 par
1493 828 1586 870 leur

183 904 346 960 „grand
385 904 582 955 nombre,
623 920 708 947 une
748 905 907 946 d’entre
946 905 1048 946 elles
1082 904 1185 946 fond
1217 919 1290 946 sur
1320 904 1359 945 la
1393 904 1582 960 Chrysis,

182 980 286 1034 „qui
318 978 502 1028 s'enfuit,
542 985 584 1020 et
623 993 707 1033 que
738 978 777 1019 la
809 985 962 1034 troupe
992 980 1189 1033 poursuit
1224 977 1336 1019 alors
1367 992 1471 1019 avec
1501 992 1584 1019 une

182 1058 329 1104 „sorte
361 1051 414 1093 de
445 1053 601 1103 fureur,
633 1059 673 1094 et
704 1052 849 1093 chasse
870 1051 924 1094 de
944 1051 1124 1108 l'espace
1156 1053 1229 1108 qui
1260 1058 1324 1094 est
1352 1050 1393 1093 le
1424 1051 1583 1093 theatre

181 1126 265 1176 „de
296 1140 376 1167 son
408 1127 542 1167 active
573 1125 821 1169 industrie.”

271 1200 364 1243 Cel.
397 1201 450 1241 cle
478 1200 608 1243 Saint
629 1201 840 1257 Far-gean
871 1199 1090 1242 contendit
1118 1198 1392 1256 Hedychrum
1423 1200 1583 1255 regium

184 1289 265 1316 ova
296 1274 513 1330 deponere
542 1277 587 1317 in
617 1275 720 1317 nido
752 1275 996 1331 Megachilis
1029 1275 1251 1324 mul-ariae,
1282 1288 1404 1330 quam
1438 1272 1583 1315 obser-

181 1351 393 1390 vationem
432 1351 574 1405 potius
613 1349 667 1391 ad
698 1350 910 1391 historiam
942 1349 1203 1406 Ilolopygae
1232 1355 1384 1390 ovatae
1415 1354 1445 1399 ῼ
1475 1347 1584 1389 refe-

180 1422 351 1465 rendam
384 1437 476 1465 esse
507 1438 530 1464 a
561 1423 835 1480 sequentibus
866 1424 1102 1465 rationibus
1134 1425 1341 1465 existimo:
1377 1423 1431 1474 1)
1463 1420 1581 1476 quod

180 1497 457 1554 Hedyehrum
485 1499 654 1551 regium
686 1497 745 1549 (l.
769 1497 945 1552 Chrysis
975 1499 1087 1552 regia
1109 1496 1262 1550 Fabr.)
1295 1503 1356 1538 est
1386 1510 1473 1537 mas
1494 1496 1581 1537 He-

178 1571 331 1628 dychri
360 1570 561 1622 ῐιιοὶᾱηῐὶ,
601 1577 647 1612 ut
677 1572 917 1626 nuperrime
948 1570 1345 1621 demonstravimus,
1377 1571 1431 1622 2)
1464 1569 1579 1625 quod

177 1660 311 1687 mares
336 1644 591 1699 Chrysidum
623 1659 835 1699 nunquam
859 1646 1028 1686 visitant
1058 1643 1194 1695 nidos,
1224 1646 1267 1685 in
1299 1643 1454 1699 quibus
1486 1644 1581 1685 illo-

177 1734 270 1762 rum
301 1719 480 1760 feminae
503 1733 583 1761 ova
605 1721 824 1775 parasitica
854 1719 1085 1775 deponunt,
1116 1719 1170 1771 3)
1202 1718 1320 1774 quod
1344 1719 1580 1776 Holopyga

177 1800 306 1835 ovata
343 1808 368 1834 a
405 1792 544 1834 multis
575 1792 870 1850 Entomologis
910 1808 1003 1835 cum
1041 1792 1274 1850 Hedyehro
1312 1794 1437 1848 regio
1478 1806 1580 1834 con-

176 1867 268 1909 fusa
300 1873 374 1908 est.

266 1939 485 1982 Observ.
545 1954 632 1981 var.
665 1956 704 1981 α.
757 1946 801 1991 ῼ.
852 1941 954 1982 Non
987 1940 1124 1981 solum
1155 1947 1257 1981 nota
1288 1948 1411 1982 antea
1441 1940 1576 1991 allata,

176 2013 252 2056 sed
292 2015 413 2055 etiam
453 2013 689 2056 abdominis
729 2014 860 2056 dorso
900 2014 1088 2056 crebrius
1129 2022 1170 2056 et
1206 2014 1441 2056 distinctius
1472 2029 1580 2070 pun-

178 2094 289 2130 ctato
321 2102 344 2128 a
374 2086 548 2143 reliquis
587 2088 859 2130 varietatibus
899 2088 1172 2145 dignoscitur.
1215 2113 1267 2121 -
1310 2089 1374 2130 An
1406 2091 1579 2145 propria

176 2163 366 2219 species?

262 2237 365 2277 Var.
396 2236 432 2277 b.
484 2250 516 2277 s,
547 2236 767 2278 normalis.
819 2242 863 2286 Ω.
913 2235 1056 2291 Caput
1087 2235 1322 2285 mediocre,
1354 2236 1576 2278 confertim

176 2309 740 2367 punctulato-retieulatum,
783 2309 993 2352 interdum
1024 2309 1387 2366 subgranulatum‚
1428 2309 1578 2351 viridi-

177 2399 383 2441 cyaneum
415 2392 486 2425 aut
517 2384 868 2440 cyaneo-viride,
903 2384 1044 2426 fronte
1075 2387 1317 2440 verticeque
1347 2383 1576 2439 depresso-

176 2460 387 2500 convexis.
448 2459 569 2515 Palpi
610 2466 650 2501 et
685 2458 954 2500 mandibulae
985 2458 1338 2509 brunnescentes,
1377 2459 1455 2500 hae
1485 2458 1576 2500 basi

175 2534 441 2575 virescentes.
480 2533 663 2574 Labrum
685 2532 1045 2575 ovato-obtusum
1068 2535 1394 2590 nigro-aeneum
1416 2532 1577 2589 piloso-

175 2613 430 2661 punctatum‚
460 2622 606 2665 parum
638 2607 828 2650 nitidum.
884 2607 1078 2664 Clypeus
1099 2608 1243 2650 viridis
1275 2606 1443 2658 nitidus,
1474 2605 1574 2649 sub-
