1695 3277
241 349 317 375 xiv
816 332 1062 388 Praefatio.

241 451 504 515 phalangum
565 465 704 512 paene
757 449 1072 495 inextricabilis
1122 449 1354 496 multitudo
1405 452 1640 499 minuenda

242 536 346 574 erat.
415 525 584 576 Quibus
626 524 914 587 respondisse
949 524 1156 582 sufficiet,
1201 525 1529 574 distinctionum
1562 545 1638 574 na-

239 611 378 649 turam
416 607 461 647 et
482 599 673 646 indolem
698 608 798 646 ante
825 601 970 646 omnia
995 617 1096 647 esse
1120 601 1477 664 perpendendas3
1513 603 1638 650 dum—

239 677 373 724 modo
409 676 724 733 constantibus,
759 677 906 732 certis,
939 675 1140 722 facilibus
1175 678 1312 739 signis
1335 685 1521 735 utamur,
1554 695 1640 725 nec

237 753 425 799 molesta
466 769 552 798 nec
592 751 907 798 inextricabilis
942 752 1026 798 erit
1061 751 1238 809 divisio3
1281 752 1387 816 quid
1422 753 1543 818 quod
1575 755 1639 800 in-

238 828 461 891 dagatoris
493 827 692 875 laborem
726 828 912 884 minuet3
948 828 985 873 si
1019 827 1190 890 logicis,
1225 844 1338 891 quae
1360 837 1534 885 vocant,
1568 846 1636 875 ar-

236 904 456 965 gumentis
490 905 641 950 nititur
675 910 883 968 systema,
917 910 1085 949 tantum
1120 903 1249 950 abest
1279 911 1329 950 ut
1361 906 1405 950 in
1440 920 1638 950 errorem

236 980 486 1041 immergat,
529 986 579 1025 ut
618 979 767 1041 potius
807 986 931 1025 recta
969 980 1040 1026 via
1083 979 1139 1025 ad
1181 996 1368 1042 scopum
1407 978 1539 1025 ducat
1571 980 1637 1025 in-

233 1055 563 1117 vestigatorem.
625 1051 863 1102 Quamnam
911 1053 1213 1100 confusionem
1253 1055 1383 1100 nimia
1423 1072 1638 1117 generum

236 1128 528 1175 creandorum
553 1127 716 1191 cupido
739 1130 978 1193 pepererit,
1014 1131 1288 1192 experientia
1312 1129 1458 1178 docet.
1492 1126 1637 1176 Nobis

234 1212 381 1251 autem
425 1220 605 1266 semper
637 1205 778 1249 visum
816 1213 906 1260 est,
939 1221 1028 1250 non
1063 1203 1168 1249 alias
1201 1205 1243 1249 in
1278 1203 1392 1250 libro
1429 1222 1558 1268 quam
1593 1205 1636 1250 in

233 1288 385 1325 natura
429 1277 701 1325 adhibendas
737 1295 837 1325 esse
872 1278 1190 1324 distinctiones.
1261 1277 1380 1329 Quas
1415 1281 1451 1325 si
1484 1287 1636 1324 natura

232 1356 327 1418 ipsa
362 1354 485 1401 leves
520 1353 689 1410 fecerit,
723 1355 768 1399 in
802 1354 1133 1399 transitionibus
1168 1362 1313 1400 autem
1346 1354 1478 1417 plane
1513 1353 1636 1400 dele-

231 1431 358 1487 verit,
394 1446 585 1493 quonam
619 1429 715 1474 iure
752 1445 827 1475 eas
861 1430 905 1474 in
936 1428 1178 1491 generibus
1208 1429 1528 1475 constituendis
1558 1428 1634 1474 ad-

232 1504 491 1552 hibeamus?
546 1501 633 1549 Vel
676 1504 742 1549 rei
785 1503 1139 1565 entomologicae
1181 1505 1366 1566 peritior
1398 1529 1464 1536 -—
1495 1512 1544 1550 ut
1578 1503 1635 1550 de

232 1580 449 1626 tironibus
483 1586 653 1624 taceam
677 1604 742 1610 —
763 1579 935 1624 nonnisi
970 1577 1180 1624 tentando
1212 1580 1499 1642 synonymias
1522 1596 1635 1626 nova

232 1657 314 1701 ista
348 1671 513 1717 genera
550 1653 806 1700 discernere
839 1655 1016 1717 poterit.

328 1728 535 1776 Attamen
569 1730 762 1791 ingenue
788 1728 1016 1784 confiteor,
1052 1728 1228 1791 species
1251 1728 1494 1785 nonnullas,
1527 1747 1569 1776 v.
1596 1746 1633 1776 c.

232 1805 496 1871 Chrysidem
539 1805 743 1869 lynceam
781 1812 826 1850 et
860 1803 1124 1868 Chrysidem
1164 1801 1365 1850 Gueudei
1400 1805 1499 1864 (no.
1524 1806 1632 1851 191.

233 1880 373 1941 192),
425 1881 580 1943 capitis
631 1887 675 1926 et
716 1879 909 1925 thoracis
952 1879 1090 1924 forma
1134 1896 1156 1923 a
1204 1878 1383 1942 reliquis
1425 1879 1634 1936 diversas,

229 1973 346 2002 novo
381 1957 534 2018 generi
571 1955 764 2001 adscribi
794 1956 1007 2018 potuisse,
1044 1953 1165 2019 quod
1186 1962 1400 2000 monente
1423 1956 1519 1999 viro
1544 1954 1631 2000 cla-

230 2032 404 2076 rissimo
438 2030 560 2090 Kluq
594 2027 755 2094 Pyriae
789 2031 967 2076 nomine
1000 2046 1258 2092 nuncupare
1292 2029 1502 2075 licuisset.

326 2104 592 2161 Linnaeana,
632 2103 893 2152 Fabriciana
936 2106 1171 2168 omniaque
1213 2104 1387 2167 antiqua
1420 2119 1633 2164 yenerum

229 2182 418 2237 nomina,
450 2188 584 2244 prout
617 2181 660 2225 in
695 2181 976 2239 familiarum
1006 2181 1181 2225 nomina
1208 2178 1406 2233 abierint,
1443 2178 1630 2225 delenda

231 2273 332 2303 esse
375 2257 456 2301 rati
498 2262 704 2302 auctores
738 2255 953 2310 nonnulli,
998 2255 1042 2300 in
1077 2254 1252 2316 scriptis
1287 2255 1377 2299 suis
1411 2254 1524 2299 hanc
1557 2271 1629 2300 re-

229 2332 375 2394 gulam
427 2331 569 2377 secuti
620 2337 732 2376 sunt.
810 2329 940 2376 Tunc
987 2330 1120 2392 igitur
1161 2328 1326 2374 nullum
1366 2328 1630 2375 habebimus

230 2406 546 2462 Scarabaeum,
579 2406 745 2451 nullum
780 2403 1104 2459 Curculionem,
1138 2404 1300 2449 nullam
1329 2401 1517 2450 Blattam
1550 2421 1629 2450 ne-

231 2499 318 2545 que
353 2480 581 2537 Cicadam3
623 2498 739 2526 nova
772 2480 1034 2541 invenienda
1069 2486 1170 2525 sunt
1202 2480 1398 2533 nomina,
1441 2479 1629 2542 antiquis

228 2558 469 2620 generibus
493 2555 783 2602 intrudendae
808 2554 1167 2610 Scarabaeidum,
1203 2553 1558 2601 Curculionidum
1585 2561 1630 2599 et

228 2630 272 2676 id
315 2647 458 2693 genus
500 2631 832 2694 appellationes.
908 2630 988 2677 Cui
1028 2631 1277 2686 mutationi,
1327 2648 1350 2676 a
1391 2628 1628 2692 perpaucis

230 2706 520 2768 scriptoribus
572 2714 787 2763 tentatae,
837 2707 1038 2752 assentiri
1079 2723 1168 2752 non
1210 2721 1413 2768 possum,
1463 2704 1630 2767 quippe
