1695 3241
431 307 469 348 7.
538 304 742 363 Chrysis.-
771 304 977 347 Phalanx
998 305 1062 347 ΙΙ.
1364 307 1450 348 163

44 421 217 465 dibulae
246 423 392 478 piceae
423 428 519 463 ante
550 424 710 477 apicem
743 421 1203 473 ruso-brunnescentes‚
1234 421 1328 463 basi
1353 436 1451 477 cya-

44 502 276 538 nescentes.
329 496 498 538 Thorax
528 495 753 537 mediocris
783 495 1298 552 ovato-subcylindricus‚
1330 496 1450 552 paul-

45 570 177 612 lulum
207 570 380 612 brevior
411 576 451 611 et
482 570 716 626 paullulum
748 570 968 611 robustior
998 584 1123 625 quam
1156 572 1199 611 in
1236 570 1339 612 Chr.
1368 570 1450 612 ele-

40 646 191 700 ganti,
229 658 338 700 pure
373 658 561 700 cyaneus
592 651 779 699 pronoto
812 651 853 685 et
883 650 1109 685 mesonoto
1140 643 1449 694 viridi-aureis,

44 725 160 761 totus
189 719 356 774 punctis
387 717 622 759 minoribus
654 717 820 759 levibus
862 719 980 770 (non
1010 716 1263 772 profundis)
1302 717 1450 759 crebre

45 794 161 845 (non
191 792 439 845 confertim)
474 791 680 842 obsertus,
710 792 808 833 hinc
837 792 1080 847 sculpturae
1105 790 1352 847 superficies
1380 793 1450 832 mi-

44 881 122 908 nus
153 866 366 922 regularis,
397 865 592 920 adeoque
623 879 712 907 non
742 865 961 908 reticulata
985 865 1060 907 sed
1082 868 1223 921 potius
1244 864 1453 920 subi-ugu-

44 941 157 992 losa,
194 939 485 982 tantummodo
526 941 567 981 in
610 939 791 981 scutello
830 947 871 982 et
911 939 1190 995 postscutello
1222 940 1450 981 reticulatis

45 1013 252 1070 quaedam
277 1013 464 1064 obvenit,
496 1020 652 1069 puncta
683 1013 852 1055 scutelli
880 1015 1041 1069 majora
1071 1020 1171 1054 sunt
1202 1028 1326 1068 quam
1357 1013 1452 1055 reli-

45 1103 221 1145 quarum
242 1090 436 1144 partium.
483 1088 718 1129 Pronotum
739 1087 1297 1143 transverso-rectangulare,
1327 1087 1449 1128 sulco

45 1162 243 1204 mediano
267 1161 465 1204 distincto
497 1161 820 1203 sublanceolato
851 1161 1110 1217 (paullulum
1143 1161 1294 1202 latiore
1319 1167 1359 1202 et
1380 1163 1452 1202 mi-

45 1250 126 1277 nus
157 1235 374 1292 profundo
406 1250 529 1291 quam
560 1238 604 1278 in
630 1236 733 1278 Chr.
755 1236 971 1291 eleganti)
992 1241 1090 1277 ante
1120 1237 1344 1291 marginem
1375 1249 1454 1291 po-

44 1312 193 1351 sticum
226 1309 465 1361 desinente,
506 1312 690 1366 margine
724 1313 890 1366 postico
923 1311 1451 1366 arcuato-emarginatum;

45 1391 288 1425 truncatura
327 1386 463 1425 antica
504 1399 666 1440 cyanea
713 1384 959 1440 punctulata
1003 1383 1277 1426 subcoriacea
1315 1385 1452 1424 minus

45 1457 176 1499 nitida
214 1457 450 1514 subopaca:
492 1460 630 1513 spatio
671 1458 846 1499 centrali
884 1472 1017 1513 parvo
1058 1457 1196 1513 polito
1234 1459 1358 1513 piceo
1390 1457 1455 1499 fo—

45 1531 180 1573 veolis
210 1531 330 1582 binis,
358 1534 495 1573 antice
516 1534 765 1588 posticeque
796 1545 1100 1573 aureo—aeneo
1122 1534 1323 1581 irrorat03
1354 1546 1454 1586 pro-

45 1607 138 1647 noti
167 1604 304 1661 plicae
335 1604 529 1646 laterales
561 1605 747 1647 deflexae
773 1607 1229 1661 concavo-impressae
1251 1619 1451 1660 cyaneae.

45 1678 224 1721 Dorsuli
246 1685 419 1720 suturae
448 1679 475 1720 2
496 1679 715 1721 medianae
739 1694 829 1721 non
859 1687 998 1721 rectae
1029 1679 1106 1721 sed
1136 1679 1229 1721 basi
1259 1679 1454 1721 nonnihil

45 1767 212 1794 curvae.
265 1752 443 1794 Scutelli
473 1756 670 1796 cavitates
701 1753 897 1796 laterales
929 1768 1117 1810 cyaneae
1147 1753 1454 1809 viridi-margi-

46 1832 189 1875 natae3
227 1828 272 1867 in
311 1826 475 1868 scutelli
514 1827 631 1869 disco
672 1828 807 1870 basali
845 1827 965 1869 adest
995 1827 1138 1869 areola
1168 1830 1327 1869 minuta
1357 1826 1454 1868 sub-

47 1898 310 1955 triangularis
341 1899 575 1941 laevissima
605 1901 738 1956 polita
762 1903 872 1956 (qua
896 1907 998 1941 nota
1023 1903 1196 1941 omnino
1219 1907 1333 1941 caret
1351 1899 1452 1942 chr.

47 1974 239 2028 elegans,
271 1974 390 2028 cujus
414 1979 549 2013 totum
580 1973 802 2015 scutellum
834 1980 896 2015 est
928 1973 1412 2029 punctam-reticulatum
1423 1976 1452 2025 ).

47 2047 314 2089 Metanotum
353 2047 756 2103 convexo-gibbum
793 2046 1320 2103 punctulato-coriaceum
1354 2047 1454 2089 sub-

47 2120 318 2177 rugulosum;
347 2120 666 2177 postscutellum
689 2122 911 2163 confertim
935 2120 1101 2163 modice
1131 2121 1454 2177 punctam-sub-

48 2195 312 2237 reticulatum
342 2197 526 2250 margine
556 2196 724 2251 postico
756 2197 986 2245 virescens;
1023 2209 1121 2237 area
1150 2195 1232 2237 sub
1263 2202 1454 2251 postscu-

47 2268 150 2311 tello
181 2271 259 2310 sita
289 2269 606 2311 semicircularis
639 2269 774 2311 foveis
807 2270 936 2311 4-6
966 2271 1124 2325 magnis
1155 2268 1378 2325 profundis
1410 2270 1452 2309 in

48 2357 190 2385 arcum
220 2342 434 2399 dispositis
464 2343 656 2393 limitata,
692 2342 835 2398 anguli
866 2342 1264 2399 postico-laterales
1295 2341 1455 2383 medio—

49 2431 139 2459 cres
177 2416 465 2473 triangulares.
534 2417 714 2458 Pleurae
753 2415 920 2458 modice
952 2423 1180 2471 punctatae
1211 2417 1329 2467 (non
1358 2418 1455 2457 reti-

49 2490 242 2544 culatae)
280 2490 450 2533 nitidae.
512 2491 708 2533 Sternum
739 2489 1029 2532 nitidissimum
1058 2503 1203 2546 sparse
1233 2489 1455 2545 punctula-

51 2572 150 2606 tum.
201 2564 337 2606 Pedes
370 2564 490 2606 nitidi
521 2563 830 2619 viridi-cyanei
860 2566 980 2605 tarsis
1001 2564 1297 2621 nigro-fuscis.
1349 2563 1453 2605 Alae

51 2637 222 2681 sordide
242 2637 440 2696 hyalinae
459 2640 578 2680 venis
599 2639 750 2694 piceis;
783 2637 935 2680 cellula
964 2638 1131 2681 radialis
1162 2637 1453 2694 subcompleta

1096 2715 1117 2753 l
1128 2714 1147 2753 l
1161 2712 1188 2739 ⁸*
