<?xml version="1.0" encoding="UTF-8"?>
<!DOCTYPE html PUBLIC "-//W3C//DTD XHTML 1.0 Transitional//EN"
    "http://www.w3.org/TR/xhtml1/DTD/xhtml1-transitional.dtd">
<html xmlns="http://www.w3.org/1999/xhtml" xml:lang="en" lang="en">
 <head>
  <title>
</title>
<meta http-equiv="Content-Type" content="text/html;charset=utf-8" />
  <meta name='ocr-system' content='tesseract 3.04.00' />
  <meta name='ocr-capabilities' content='ocr_page ocr_carea ocr_par ocr_line ocrx_word'/>
</head>
<body>
  <div class='ocr_page' id='page_1' title='image "./hymenopteraeurop02dahl_0166.png"; bbox 0 0 1695 3241; ppageno 0'>
   <div class='ocr_carea' id='block_1_1' title="bbox 179 277 1184 335">
    <p class='ocr_par' dir='ltr' id='par_1_1' title="bbox 179 277 1184 335">
     <span class='ocr_line' id='line_1_1' title="bbox 179 277 1184 335; baseline -0.005 -11"><span class='ocrx_word' id='word_1_1' title='bbox 179 284 259 324; x_wconf 59' lang='lat'>1211</span> <span class='ocrx_word' id='word_1_2' title='bbox 569 283 606 320; x_wconf 93' lang='grc'>7.</span> <span class='ocrx_word' id='word_1_3' title='bbox 673 278 878 335; x_wconf 69' lang='lat' dir='ltr'>Chrysis.-</span> <span class='ocrx_word' id='word_1_4' title='bbox 914 277 1118 320; x_wconf 75' lang='lat' dir='ltr'>Phalanx</span> <span class='ocrx_word' id='word_1_5' title='bbox 1151 279 1184 319; x_wconf 86' lang='lat' dir='ltr'>l.</span> 
     </span>
    </p>
   </div>
   <div class='ocr_carea' id='block_1_2' title="bbox 167 394 1570 601">
    <p class='ocr_par' dir='ltr' id='par_1_2' title="bbox 167 394 1570 601">
     <span class='ocr_line' id='line_1_2' title="bbox 174 394 1569 452; baseline -0.004 -12"><span class='ocrx_word' id='word_1_6' title='bbox 174 398 433 439; x_wconf 73' lang='lat' dir='ltr'>soletissima</span> <span class='ocrx_word' id='word_1_7' title='bbox 463 396 488 435; x_wconf 80' lang='lat' dir='ltr'>l.</span> <span class='ocrx_word' id='word_1_8' title='bbox 511 396 682 436; x_wconf 72' lang='lat' dir='ltr'>omnino</span> <span class='ocrx_word' id='word_1_9' title='bbox 712 394 952 447; x_wconf 70' lang='lat' dir='ltr'>obliterata,</span> <span class='ocrx_word' id='word_1_10' title='bbox 985 395 1069 437; x_wconf 72' lang='lat' dir='ltr'>alis</span> <span class='ocrx_word' id='word_1_11' title='bbox 1098 395 1288 452; x_wconf 69' lang='lat' dir='ltr'>hyalim&#39;e</span> <span class='ocrx_word' id='word_1_12' title='bbox 1316 394 1437 435; x_wconf 70' lang='lat' dir='ltr'>disco</span> <span class='ocrx_word' id='word_1_13' title='bbox 1472 409 1569 435; x_wconf 78' lang='lat' dir='ltr'>nor-</span> 
     </span>
     <span class='ocr_line' id='line_1_3' title="bbox 174 467 1570 524; baseline -0.002 -12"><span class='ocrx_word' id='word_1_14' title='bbox 174 472 344 512; x_wconf 79' lang='lat' dir='ltr'>maliter</span> <span class='ocrx_word' id='word_1_15' title='bbox 382 469 596 521; x_wconf 71' lang='lat' dir='ltr'>sordidis,</span> <span class='ocrx_word' id='word_1_16' title='bbox 636 469 790 511; x_wconf 81' lang='lat' dir='ltr'>cellula</span> <span class='ocrx_word' id='word_1_17' title='bbox 828 469 991 510; x_wconf 70' lang='lat' dir='ltr'>radialt‘</span> <span class='ocrx_word' id='word_1_18' title='bbox 1025 469 1051 510; x_wconf 86' lang='lat' dir='ltr'>l.</span> <span class='ocrx_word' id='word_1_19' title='bbox 1084 469 1294 524; x_wconf 80' lang='lat' dir='ltr'>completa</span> <span class='ocrx_word' id='word_1_20' title='bbox 1323 469 1350 510; x_wconf 86' lang='lat' dir='ltr'>l.</span> <span class='ocrx_word' id='word_1_21' title='bbox 1381 467 1570 510; x_wconf 71' lang='lat' dir='ltr'>subcom-</span> 
     </span>
     <span class='ocr_line' id='line_1_4' title="bbox 167 542 644 601; baseline -0.006 -13"><span class='ocrx_word' id='word_1_22' title='bbox 167 546 288 601; x_wconf 79' lang='lat' dir='ltr'>pleta</span> <span class='ocrx_word' id='word_1_23' title='bbox 318 544 344 585; x_wconf 80' lang='lat' dir='ltr'>l.</span> <span class='ocrx_word' id='word_1_24' title='bbox 376 542 644 598; x_wconf 75' lang='lat' dir='ltr'><em>incompleta.</em></span> 
     </span>
    </p>
   </div>
   <div class='ocr_carea' id='block_1_3' title="bbox 223 651 1500 870">
    <p class='ocr_par' dir='ltr' id='par_1_3' title="bbox 223 651 1103 687">
     <span class='ocr_line' id='line_1_5' title="bbox 223 651 1103 687; baseline -0.001 -1"><span class='ocrx_word' id='word_1_25' title='bbox 223 653 306 686; x_wconf 74' lang='lat' dir='ltr'>Chr.</span> <span class='ocrx_word' id='word_1_26' title='bbox 332 652 464 687; x_wconf 83' lang='lat' dir='ltr'><em>bicolor</em></span> <span class='ocrx_word' id='word_1_27' title='bbox 489 653 606 686; x_wconf 87' lang='lat' dir='ltr'>lem.</span> <span class='ocrx_word' id='word_1_28' title='bbox 632 653 729 686; x_wconf 89' lang='lat' dir='ltr'>Mon.</span> <span class='ocrx_word' id='word_1_29' title='bbox 756 652 832 686; x_wconf 85' lang='lat' dir='ltr'>Chr.</span> <span class='ocrx_word' id='word_1_30' title='bbox 864 651 964 686; x_wconf 81' lang='lat'>1829.</span> <span class='ocrx_word' id='word_1_31' title='bbox 991 651 1046 686; x_wconf 85' lang='lat'>10.</span> <span class='ocrx_word' id='word_1_32' title='bbox 1072 651 1103 685; x_wconf 89' lang='lat'>6.</span> 
     </span>
    </p>

    <p class='ocr_par' dir='ltr' id='par_1_4' title="bbox 223 707 1500 809">
     <span class='ocr_line' id='line_1_6' title="bbox 223 707 1500 756; baseline -0.002 -13"><span class='ocrx_word' id='word_1_33' title='bbox 223 710 306 744; x_wconf 78' lang='lat' dir='ltr'>Cltr.</span> <span class='ocrx_word' id='word_1_34' title='bbox 322 710 496 756; x_wconf 81' lang='lat' dir='ltr'>flammea</span> <span class='ocrx_word' id='word_1_35' title='bbox 523 711 630 743; x_wconf 85' lang='lat' dir='ltr'>Pallas</span> <span class='ocrx_word' id='word_1_36' title='bbox 656 711 690 743; x_wconf 84' lang='lat' dir='ltr'>in</span> <span class='ocrx_word' id='word_1_37' title='bbox 714 710 930 755; x_wconf 61' lang='lat' dir='ltr'>R&#39;Ianuscript.</span> <span class='ocrx_word' id='word_1_38' title='bbox 957 710 1087 743; x_wconf 84' lang='lat' dir='ltr'>secund.</span> <span class='ocrx_word' id='word_1_39' title='bbox 1117 709 1212 751; x_wconf 78' lang='lat' dir='ltr'>Klug.</span> <span class='ocrx_word' id='word_1_40' title='bbox 1241 709 1327 742; x_wconf 87' lang='lat' dir='ltr'>Mus.</span> <span class='ocrx_word' id='word_1_41' title='bbox 1354 707 1500 741; x_wconf 82' lang='lat' dir='ltr'>Berolin.</span> 
     </span>
     <span class='ocr_line' id='line_1_7' title="bbox 224 768 869 809; baseline 0 -8"><span class='ocrx_word' id='word_1_42' title='bbox 224 768 308 801; x_wconf 72' lang='lat' dir='ltr'>Chr.</span> <span class='ocrx_word' id='word_1_43' title='bbox 334 768 468 801; x_wconf 67' lang='lat' dir='ltr'>mettica</span> <span class='ocrx_word' id='word_1_44' title='bbox 494 768 581 809; x_wconf 84' lang='lat' dir='ltr'>Klug</span> <span class='ocrx_word' id='word_1_45' title='bbox 606 768 694 801; x_wconf 84' lang='lat' dir='ltr'>Mus.</span> <span class='ocrx_word' id='word_1_46' title='bbox 722 768 869 802; x_wconf 81' lang='lat' dir='ltr'>Berolin.</span> 
     </span>
    </p>

    <p class='ocr_par' dir='ltr' id='par_1_5' title="bbox 224 824 1133 870">
     <span class='ocr_line' id='line_1_8' title="bbox 224 824 1133 870; baseline -0.002 -12"><span class='ocrx_word' id='word_1_47' title='bbox 224 825 305 858; x_wconf 77' lang='lat' dir='ltr'>Cltr.</span> <span class='ocrx_word' id='word_1_48' title='bbox 333 824 518 858; x_wconf 80' lang='lat' dir='ltr'><em>austriaca</em></span> <span class='ocrx_word' id='word_1_49' title='bbox 545 826 627 858; x_wconf 70' lang='lat' dir='ltr'>Zeu,</span> <span class='ocrx_word' id='word_1_50' title='bbox 652 826 716 858; x_wconf 86' lang='lat' dir='ltr'>Ins.</span> <span class='ocrx_word' id='word_1_51' title='bbox 743 827 847 870; x_wconf 82' lang='lat' dir='ltr'>Lapp.</span> <span class='ocrx_word' id='word_1_52' title='bbox 874 824 953 859; x_wconf 85' lang='grc'><strong>466.</strong></span> <span class='ocrx_word' id='word_1_53' title='bbox 979 824 1012 858; x_wconf 83' lang='grc'>6.</span> <span class='ocrx_word' id='word_1_54' title='bbox 1039 825 1133 857; x_wconf 80' lang='lat' dir='ltr'>Nota.</span> 
     </span>
    </p>
   </div>
   <div class='ocr_carea' id='block_1_4' title="bbox 176 912 1587 2588">
    <p class='ocr_par' dir='ltr' id='par_1_6' title="bbox 176 912 1587 2588">
     <span class='ocr_line' id='line_1_9' title="bbox 264 912 1571 972; baseline -0.003 -14"><span class='ocrx_word' id='word_1_55' title='bbox 264 916 445 958; x_wconf 71' lang='lat' dir='ltr'>Habitat</span> <span class='ocrx_word' id='word_1_56' title='bbox 476 932 551 972; x_wconf 87' lang='lat' dir='ltr'>per</span> <span class='ocrx_word' id='word_1_57' title='bbox 581 919 792 958; x_wconf 79' lang='lat' dir='ltr'>maximam</span> <span class='ocrx_word' id='word_1_58' title='bbox 824 924 983 972; x_wconf 84' lang='lat' dir='ltr'>partem</span> <span class='ocrx_word' id='word_1_59' title='bbox 1015 917 1235 971; x_wconf 84' lang='lat' dir='ltr'>Europae,</span> <span class='ocrx_word' id='word_1_60' title='bbox 1273 929 1295 955; x_wconf 90' lang='lat' dir='ltr'>a</span> <span class='ocrx_word' id='word_1_61' title='bbox 1327 912 1571 970; x_wconf 84' lang='lat' dir='ltr'><strong>regionibus</strong></span> 
     </span>
     <span class='ocr_line' id='line_1_10' title="bbox 177 989 1575 1044; baseline -0.002 -13"><span class='ocrx_word' id='word_1_62' title='bbox 177 990 431 1032; x_wconf 78' lang='lat' dir='ltr'><strong>littoralibus</strong></span> <span class='ocrx_word' id='word_1_63' title='bbox 470 992 592 1031; x_wconf 87' lang='lat' dir='ltr'>maris</span> <span class='ocrx_word' id='word_1_64' title='bbox 632 989 924 1031; x_wconf 84' lang='lat' dir='ltr'>mediterranei</span> <span class='ocrx_word' id='word_1_65' title='bbox 959 1003 1095 1044; x_wconf 89' lang='lat' dir='ltr'>usque</span> <span class='ocrx_word' id='word_1_66' title='bbox 1126 991 1168 1029; x_wconf 91' lang='lat' dir='ltr'>in</span> <span class='ocrx_word' id='word_1_67' title='bbox 1200 989 1461 1043; x_wconf 88' lang='lat' dir='ltr'>Lapponiam</span> <span class='ocrx_word' id='word_1_68' title='bbox 1493 1002 1575 1028; x_wconf 87' lang='lat' dir='ltr'>ma-</span> 
     </span>
     <span class='ocr_line' id='line_1_11' title="bbox 177 1061 1575 1120; baseline -0.004 -14"><span class='ocrx_word' id='word_1_69' title='bbox 177 1067 282 1106; x_wconf 87' lang='lat' dir='ltr'>xime</span> <span class='ocrx_word' id='word_1_70' title='bbox 320 1064 554 1115; x_wconf 87' lang='lat' dir='ltr'>horealem,</span> <span class='ocrx_word' id='word_1_71' title='bbox 593 1078 719 1120; x_wconf 87' lang='lat' dir='ltr'>parce</span> <span class='ocrx_word' id='word_1_72' title='bbox 757 1070 830 1104; x_wconf 84' lang='lat' dir='ltr'>aut</span> <span class='ocrx_word' id='word_1_73' title='bbox 867 1078 977 1105; x_wconf 88' lang='lat' dir='ltr'>raro.</span> <span class='ocrx_word' id='word_1_74' title='bbox 1039 1063 1150 1104; x_wconf 88' lang='lat' dir='ltr'>Intra</span> <span class='ocrx_word' id='word_1_75' title='bbox 1182 1061 1501 1104; x_wconf 88' lang='lat' dir='ltr'>Scandinaviam</span> <span class='ocrx_word' id='word_1_76' title='bbox 1533 1063 1575 1102; x_wconf 86' lang='lat' dir='ltr'>in</span> 
     </span>
     <span class='ocr_line' id='line_1_12' title="bbox 176 1136 1576 1193; baseline -0.004 -12"><span class='ocrx_word' id='word_1_77' title='bbox 176 1139 353 1181; x_wconf 88' lang='lat' dir='ltr'>floribus</span> <span class='ocrx_word' id='word_1_78' title='bbox 399 1137 731 1180; x_wconf 84' lang='lat' dir='ltr'>Umbellatarum</span> <span class='ocrx_word' id='word_1_79' title='bbox 778 1139 930 1180; x_wconf 85' lang='lat' dir='ltr'>montis</span> <span class='ocrx_word' id='word_1_80' title='bbox 971 1136 1160 1193; x_wconf 81' lang='lat' dir='ltr'>Omberg</span> <span class='ocrx_word' id='word_1_81' title='bbox 1206 1136 1576 1178; x_wconf 88' lang='lat' dir='ltr'>Ostro-Gothiae</span> 
     </span>
     <span class='ocr_line' id='line_1_13' title="bbox 177 1209 1576 1267; baseline -0.003 -13"><span class='ocrx_word' id='word_1_82' title='bbox 177 1213 216 1254; x_wconf 88' lang='lat' dir='ltr'>d.</span> <span class='ocrx_word' id='word_1_83' title='bbox 234 1214 304 1254; x_wconf 93' lang='grc'>22.</span> <span class='ocrx_word' id='word_1_84' title='bbox 326 1213 430 1254; x_wconf 88' lang='lat' dir='ltr'>Julii</span> <span class='ocrx_word' id='word_1_85' title='bbox 455 1214 578 1263; x_wconf 87' lang='lat'>1835,</span> <span class='ocrx_word' id='word_1_86' title='bbox 608 1215 651 1253; x_wconf 93' lang='lat' dir='ltr'>in</span> <span class='ocrx_word' id='word_1_87' title='bbox 682 1211 819 1253; x_wconf 85' lang='lat' dir='ltr'>insula</span> <span class='ocrx_word' id='word_1_88' title='bbox 849 1211 1038 1253; x_wconf 87' lang='lat' dir='ltr'>Furillen</span> <span class='ocrx_word' id='word_1_89' title='bbox 1068 1212 1183 1267; x_wconf 84' lang='lat' dir='ltr'>juxta</span> <span class='ocrx_word' id='word_1_90' title='bbox 1215 1209 1506 1252; x_wconf 88' lang='lat' dir='ltr'>Gottlandiam</span> <span class='ocrx_word' id='word_1_91' title='bbox 1536 1209 1576 1251; x_wconf 87' lang='lat' dir='ltr'>d.</span> 
     </span>
     <span class='ocr_line' id='line_1_14' title="bbox 178 1283 1578 1342; baseline -0.003 -14"><span class='ocrx_word' id='word_1_92' title='bbox 178 1289 247 1329; x_wconf 90' lang='grc'>21.</span> <span class='ocrx_word' id='word_1_93' title='bbox 269 1286 374 1328; x_wconf 90' lang='lat' dir='ltr'>Julii</span> <span class='ocrx_word' id='word_1_94' title='bbox 406 1288 530 1338; x_wconf 83' lang='grc'><strong>1841,</strong></span> <span class='ocrx_word' id='word_1_95' title='bbox 561 1289 605 1328; x_wconf 93' lang='lat' dir='ltr'>in</span> <span class='ocrx_word' id='word_1_96' title='bbox 637 1286 851 1342; x_wconf 80' lang='lat' dir='ltr'>Helsingia</span> <span class='ocrx_word' id='word_1_97' title='bbox 881 1285 920 1327; x_wconf 92' lang='lat' dir='ltr'>d.</span> <span class='ocrx_word' id='word_1_98' title='bbox 943 1287 1013 1328; x_wconf 84' lang='lat'>23.</span> <span class='ocrx_word' id='word_1_99' title='bbox 1037 1285 1214 1341; x_wconf 79' lang='lat' dir='ltr'>Augusti</span> <span class='ocrx_word' id='word_1_100' title='bbox 1247 1285 1361 1326; x_wconf 88' lang='grc'><strong>1840</strong></span> <span class='ocrx_word' id='word_1_101' title='bbox 1391 1286 1434 1325; x_wconf 90' lang='lat' dir='ltr'>in</span> <span class='ocrx_word' id='word_1_102' title='bbox 1465 1283 1578 1325; x_wconf 81' lang='lat' dir='ltr'>foliis</span> 
     </span>
     <span class='ocr_line' id='line_1_15' title="bbox 178 1357 1578 1417; baseline -0.002 -15"><span class='ocrx_word' id='word_1_103' title='bbox 178 1361 292 1412; x_wconf 87' lang='lat' dir='ltr'>Alni,</span> <span class='ocrx_word' id='word_1_104' title='bbox 324 1363 367 1402; x_wconf 91' lang='lat' dir='ltr'>in</span> <span class='ocrx_word' id='word_1_105' title='bbox 397 1363 498 1417; x_wconf 77' lang='lat' dir='ltr'>jugo</span> <span class='ocrx_word' id='word_1_106' title='bbox 531 1360 675 1417; x_wconf 85' lang='lat' dir='ltr'>alpino</span> <span class='ocrx_word' id='word_1_107' title='bbox 706 1361 983 1416; x_wconf 80' lang='lat' dir='ltr'>Norrwegiae</span> <span class='ocrx_word' id='word_1_108' title='bbox 1012 1362 1127 1416; x_wconf 81' lang='lat' dir='ltr'>juxta</span> <span class='ocrx_word' id='word_1_109' title='bbox 1158 1357 1504 1415; x_wconf 68' lang='lat' dir='ltr'>Lewangerfjord</span> <span class='ocrx_word' id='word_1_110' title='bbox 1535 1359 1578 1399; x_wconf 91' lang='lat' dir='ltr'>in</span> 
     </span>
     <span class='ocr_line' id='line_1_16' title="bbox 179 1432 1577 1477; baseline -0.003 -1"><span class='ocrx_word' id='word_1_111' title='bbox 179 1435 292 1477; x_wconf 84' lang='lat' dir='ltr'>l&#39;oliis</span> <span class='ocrx_word' id='word_1_112' title='bbox 333 1436 527 1476; x_wconf 82' lang='lat' dir='ltr'>fruticum</span> <span class='ocrx_word' id='word_1_113' title='bbox 565 1436 709 1477; x_wconf 84' lang='lat'><strong>2—3.</strong></span> <span class='ocrx_word' id='word_1_114' title='bbox 741 1434 846 1476; x_wconf 86' lang='lat' dir='ltr'>Julii</span> <span class='ocrx_word' id='word_1_115' title='bbox 880 1435 1004 1476; x_wconf 80' lang='lat'>1840.</span> <span class='ocrx_word' id='word_1_116' title='bbox 1037 1435 1092 1475; x_wconf 89' lang='lat' dir='ltr'>D.</span> <span class='ocrx_word' id='word_1_117' title='bbox 1125 1433 1380 1475; x_wconf 83' lang='lat' dir='ltr'>Zetterstedt</span> <span class='ocrx_word' id='word_1_118' title='bbox 1411 1440 1451 1474; x_wconf 86' lang='lat' dir='ltr'>et</span> <span class='ocrx_word' id='word_1_119' title='bbox 1481 1432 1577 1473; x_wconf 84' lang='lat' dir='ltr'>mibi</span> 
     </span>
     <span class='ocr_line' id='line_1_17' title="bbox 180 1505 1579 1564; baseline -0.004 -12"><span class='ocrx_word' id='word_1_120' title='bbox 180 1509 319 1552; x_wconf 89' lang='lat' dir='ltr'>obvia.</span> <span class='ocrx_word' id='word_1_121' title='bbox 373 1508 744 1564; x_wconf 78' lang='lat' dir='ltr'>Metamorphosin</span> <span class='ocrx_word' id='word_1_122' title='bbox 765 1508 878 1550; x_wconf 86' lang='lat' dir='ltr'>subit</span> <span class='ocrx_word' id='word_1_123' title='bbox 898 1511 942 1550; x_wconf 91' lang='lat' dir='ltr'>in</span> <span class='ocrx_word' id='word_1_124' title='bbox 967 1508 1144 1550; x_wconf 73' lang='lat' dir='ltr'>Osmiae</span> <span class='ocrx_word' id='word_1_125' title='bbox 1163 1508 1446 1562; x_wconf 56' lang='lat' dir='ltr'>migr-{ventris</span> <span class='ocrx_word' id='word_1_126' title='bbox 1465 1505 1579 1555; x_wconf 89' lang='lat' dir='ltr'>nido,</span> 
     </span>
     <span class='ocr_line' id='line_1_18' title="bbox 180 1579 1581 1638; baseline -0.003 -14"><span class='ocrx_word' id='word_1_127' title='bbox 180 1582 256 1624; x_wconf 91' lang='lat' dir='ltr'>ubi</span> <span class='ocrx_word' id='word_1_128' title='bbox 285 1582 399 1624; x_wconf 86' lang='lat' dir='ltr'>larva</span> <span class='ocrx_word' id='word_1_129' title='bbox 429 1585 554 1624; x_wconf 88' lang='lat' dir='ltr'>vitam</span> <span class='ocrx_word' id='word_1_130' title='bbox 587 1585 691 1638; x_wconf 80' lang='lat' dir='ltr'>gerit</span> <span class='ocrx_word' id='word_1_131' title='bbox 719 1584 980 1638; x_wconf 85' lang='lat' dir='ltr'>parasiticam</span> <span class='ocrx_word' id='word_1_132' title='bbox 1015 1589 1085 1623; x_wconf 88' lang='lat' dir='ltr'>aut</span> <span class='ocrx_word' id='word_1_133' title='bbox 1116 1581 1261 1622; x_wconf 88' lang='lat' dir='ltr'>saltem</span> <span class='ocrx_word' id='word_1_134' title='bbox 1294 1579 1581 1637; x_wconf 85' lang='lat' dir='ltr'>pseudopara-</span> 
     </span>
     <span class='ocr_line' id='line_1_19' title="bbox 179 1654 1581 1712; baseline -0.002 -14"><span class='ocrx_word' id='word_1_135' title='bbox 179 1659 349 1698; x_wconf 87' lang='lat' dir='ltr'>siticam.</span> <span class='ocrx_word' id='word_1_136' title='bbox 411 1656 509 1699; x_wconf 90' lang='lat' dir='ltr'>Scil.</span> <span class='ocrx_word' id='word_1_137' title='bbox 540 1659 584 1698; x_wconf 93' lang='lat' dir='ltr'>in</span> <span class='ocrx_word' id='word_1_138' title='bbox 614 1664 732 1709; x_wconf 77' lang='lat' dir='ltr'>nota,</span> <span class='ocrx_word' id='word_1_139' title='bbox 764 1670 888 1711; x_wconf 87' lang='lat' dir='ltr'>quam</span> <span class='ocrx_word' id='word_1_140' title='bbox 918 1656 1000 1697; x_wconf 89' lang='lat' dir='ltr'>Ins.</span> <span class='ocrx_word' id='word_1_141' title='bbox 1032 1657 1165 1712; x_wconf 89' lang='lat' dir='ltr'>Lapp.</span> <span class='ocrx_word' id='word_1_142' title='bbox 1192 1657 1289 1697; x_wconf 75' lang='lat'><strong>466.</strong></span> <span class='ocrx_word' id='word_1_143' title='bbox 1316 1657 1355 1696; x_wconf 89' lang='grc'>6.</span> <span class='ocrx_word' id='word_1_144' title='bbox 1387 1654 1581 1709; x_wconf 79' lang='lat' dir='ltr'>allegavit</span> 
     </span>
     <span class='ocr_line' id='line_1_20' title="bbox 181 1728 1581 1786; baseline -0.004 -12"><span class='ocrx_word' id='word_1_145' title='bbox 181 1732 274 1774; x_wconf 84' lang='lat' dir='ltr'>Cel.</span> <span class='ocrx_word' id='word_1_146' title='bbox 313 1731 597 1785; x_wconf 59' lang='lat' dir='ltr'>hamstede,</span> <span class='ocrx_word' id='word_1_147' title='bbox 635 1731 812 1772; x_wconf 85' lang='lat' dir='ltr'>vidimus</span> <span class='ocrx_word' id='word_1_148' title='bbox 844 1745 908 1781; x_wconf 87' lang='lat' dir='ltr'>se,</span> <span class='ocrx_word' id='word_1_149' title='bbox 946 1745 1074 1786; x_wconf 89' lang='lat' dir='ltr'>quum</span> <span class='ocrx_word' id='word_1_150' title='bbox 1116 1729 1169 1771; x_wconf 90' lang='lat' dir='ltr'>ad</span> <span class='ocrx_word' id='word_1_151' title='bbox 1198 1728 1426 1785; x_wconf 81' lang='lat' dir='ltr'>Kjellunge</span> <span class='ocrx_word' id='word_1_152' title='bbox 1458 1729 1581 1771; x_wconf 87' lang='lat' dir='ltr'>Gott-</span> 
     </span>
     <span class='ocr_line' id='line_1_21' title="bbox 180 1801 1580 1858; baseline -0.004 -11"><span class='ocrx_word' id='word_1_153' title='bbox 180 1805 347 1847; x_wconf 88' lang='lat' dir='ltr'>landiae</span> <span class='ocrx_word' id='word_1_154' title='bbox 379 1805 418 1846; x_wconf 90' lang='lat' dir='ltr'>d.</span> <span class='ocrx_word' id='word_1_155' title='bbox 451 1807 521 1847; x_wconf 87' lang='lat'>26.</span> <span class='ocrx_word' id='word_1_156' title='bbox 550 1805 657 1847; x_wconf 87' lang='lat' dir='ltr'>Julii</span> <span class='ocrx_word' id='word_1_157' title='bbox 692 1805 837 1846; x_wconf 89' lang='lat' dir='ltr'>nidum</span> <span class='ocrx_word' id='word_1_158' title='bbox 872 1805 1049 1846; x_wconf 70' lang='lat' dir='ltr'>Osmiae</span> <span class='ocrx_word' id='word_1_159' title='bbox 1078 1804 1362 1858; x_wconf 75' lang='lat' dir='ltr'>nigriventris</span> <span class='ocrx_word' id='word_1_160' title='bbox 1392 1801 1580 1858; x_wconf 87' lang='lat' dir='ltr'>Nyland.</span> 
     </span>
     <span class='ocr_line' id='line_1_22' title="bbox 184 1877 1582 1934; baseline -0.001 -16"><span class='ocrx_word' id='word_1_161' title='bbox 184 1879 579 1934; x_wconf 74' lang='lat' dir='ltr'>(=Anthophorae</span> <span class='ocrx_word' id='word_1_162' title='bbox 606 1881 890 1934; x_wconf 73' lang='lat' dir='ltr'>nigriventris</span> <span class='ocrx_word' id='word_1_163' title='bbox 921 1885 961 1920; x_wconf 88' lang='lat' dir='ltr'>et</span> <span class='ocrx_word' id='word_1_164' title='bbox 991 1879 1170 1919; x_wconf 75' lang='lat' dir='ltr'>inermis·</span> <span class='ocrx_word' id='word_1_165' title='bbox 1187 1879 1294 1918; x_wconf 85' lang='lat' dir='ltr'>Zett.</span> <span class='ocrx_word' id='word_1_166' title='bbox 1316 1877 1397 1917; x_wconf 84' lang='lat' dir='ltr'>Ins.</span> <span class='ocrx_word' id='word_1_167' title='bbox 1419 1877 1582 1932; x_wconf 89' lang='lat' dir='ltr'>Lapp.)</span> 
     </span>
     <span class='ocr_line' id='line_1_23' title="bbox 182 1951 1583 2009; baseline -0.003 -14"><span class='ocrx_word' id='word_1_168' title='bbox 182 1954 347 2009; x_wconf 76' lang='lat' dir='ltr'>detegit,</span> <span class='ocrx_word' id='word_1_169' title='bbox 380 1967 525 1995; x_wconf 87' lang='lat' dir='ltr'>omnes</span> <span class='ocrx_word' id='word_1_170' title='bbox 558 1952 732 1994; x_wconf 87' lang='lat' dir='ltr'>cellulas</span> <span class='ocrx_word' id='word_1_171' title='bbox 765 1952 952 2009; x_wconf 86' lang='lat' dir='ltr'>ejusdem</span> <span class='ocrx_word' id='word_1_172' title='bbox 982 1952 1071 1994; x_wconf 91' lang='lat' dir='ltr'>nidi</span> <span class='ocrx_word' id='word_1_173' title='bbox 1093 1951 1343 1993; x_wconf 85' lang='lat' dir='ltr'>folliculatas</span> <span class='ocrx_word' id='word_1_174' title='bbox 1369 1952 1583 2006; x_wconf 83' lang='lat' dir='ltr'>aperuisse</span> 
     </span>
     <span class='ocr_line' id='line_1_24' title="bbox 183 2027 1585 2083; baseline -0.003 -15"><span class='ocrx_word' id='word_1_175' title='bbox 183 2034 223 2069; x_wconf 87' lang='lat' dir='ltr'>et</span> <span class='ocrx_word' id='word_1_176' title='bbox 253 2030 296 2068; x_wconf 91' lang='lat' dir='ltr'>in</span> <span class='ocrx_word' id='word_1_177' title='bbox 327 2027 493 2082; x_wconf 79' lang='lat' dir='ltr'>singulo</span> <span class='ocrx_word' id='word_1_178' title='bbox 527 2027 718 2069; x_wconf 89' lang='lat' dir='ltr'>folliculo</span> <span class='ocrx_word' id='word_1_179' title='bbox 750 2029 968 2083; x_wconf 76' lang='lat' dir='ltr'>imaginem</span> <span class='ocrx_word' id='word_1_180' title='bbox 986 2027 1172 2071; x_wconf 63' lang='lat' dir='ltr'>Damiae</span> <span class='ocrx_word' id='word_1_181' title='bbox 1196 2032 1449 2067; x_wconf 84' lang='lat' dir='ltr'>memoratae</span> <span class='ocrx_word' id='word_1_182' title='bbox 1474 2039 1585 2065; x_wconf 87' lang='lat' dir='ltr'>com-</span> 
     </span>
     <span class='ocr_line' id='line_1_25' title="bbox 181 2099 1583 2157; baseline -0.001 -16"><span class='ocrx_word' id='word_1_183' title='bbox 181 2101 334 2157; x_wconf 84' lang='lat' dir='ltr'>pletam</span> <span class='ocrx_word' id='word_1_184' title='bbox 366 2102 587 2151; x_wconf 88' lang='lat' dir='ltr'>invenisse,</span> <span class='ocrx_word' id='word_1_185' title='bbox 618 2103 661 2142; x_wconf 89' lang='lat' dir='ltr'>in</span> <span class='ocrx_word' id='word_1_186' title='bbox 692 2104 818 2142; x_wconf 89' lang='lat' dir='ltr'>unius</span> <span class='ocrx_word' id='word_1_187' title='bbox 850 2109 989 2143; x_wconf 89' lang='lat' dir='ltr'>autem</span> <span class='ocrx_word' id='word_1_188' title='bbox 1018 2100 1197 2143; x_wconf 84' lang='lat' dir='ltr'>cellulae</span> <span class='ocrx_word' id='word_1_189' title='bbox 1221 2099 1426 2150; x_wconf 61' lang='lat' dir='ltr'>follicum,</span> <span class='ocrx_word' id='word_1_190' title='bbox 1459 2114 1583 2153; x_wconf 91' lang='lat' dir='ltr'>quum</span> 
     </span>
     <span class='ocr_line' id='line_1_26' title="bbox 182 2173 1586 2231; baseline -0.001 -15"><span class='ocrx_word' id='word_1_191' title='bbox 182 2176 295 2216; x_wconf 87' lang='lat' dir='ltr'>huuc</span> <span class='ocrx_word' id='word_1_192' title='bbox 333 2177 516 2230; x_wconf 88' lang='lat' dir='ltr'>aperuit,</span> <span class='ocrx_word' id='word_1_193' title='bbox 555 2177 768 2231; x_wconf 84' lang='lat' dir='ltr'>specimen</span> <span class='ocrx_word' id='word_1_194' title='bbox 806 2177 946 2215; x_wconf 87' lang='lat' dir='ltr'>vivum</span> <span class='ocrx_word' id='word_1_195' title='bbox 987 2182 1027 2216; x_wconf 87' lang='lat' dir='ltr'>et</span> <span class='ocrx_word' id='word_1_196' title='bbox 1064 2174 1319 2229; x_wconf 87' lang='lat' dir='ltr'>completum</span> <span class='ocrx_word' id='word_1_197' title='bbox 1357 2173 1586 2230; x_wconf 67' lang='lat' dir='ltr'>Chrysidis</span> 
     </span>
     <span class='ocr_line' id='line_1_27' title="bbox 185 2247 1584 2307; baseline -0.003 -16"><span class='ocrx_word' id='word_1_198' title='bbox 185 2249 385 2291; x_wconf 60' lang='lat' dir='ltr'>bicolor-is</span> <span class='ocrx_word' id='word_1_199' title='bbox 416 2249 518 2291; x_wconf 90' lang='lat' dir='ltr'>nob.</span> <span class='ocrx_word' id='word_1_200' title='bbox 546 2252 630 2301; x_wconf 87' lang='lat'>(=</span> <span class='ocrx_word' id='word_1_201' title='bbox 643 2249 873 2307; x_wconf 74' lang='lat' dir='ltr'>Chrysidis</span> <span class='ocrx_word' id='word_1_202' title='bbox 895 2251 1142 2291; x_wconf 76' lang='lat' dir='ltr'>austriacae</span> <span class='ocrx_word' id='word_1_203' title='bbox 1171 2249 1289 2296; x_wconf 62' lang='lat' dir='ltr'>Zeu„</span> <span class='ocrx_word' id='word_1_204' title='bbox 1321 2261 1408 2288; x_wconf 89' lang='lat' dir='ltr'>non</span> <span class='ocrx_word' id='word_1_205' title='bbox 1432 2247 1584 2298; x_wconf 76' lang='lat' dir='ltr'>Fabr.)</span> 
     </span>
     <span class='ocr_line' id='line_1_28' title="bbox 184 2320 1585 2380; baseline -0.003 -15"><span class='ocrx_word' id='word_1_206' title='bbox 184 2322 523 2380; x_wconf 86' lang='lat' dir='ltr'>deprehendisse.</span> <span class='ocrx_word' id='word_1_207' title='bbox 571 2322 763 2364; x_wconf 87' lang='lat' dir='ltr'>Eundem</span> <span class='ocrx_word' id='word_1_208' title='bbox 794 2323 938 2364; x_wconf 87' lang='lat' dir='ltr'>nidum</span> <span class='ocrx_word' id='word_1_209' title='bbox 971 2331 1098 2378; x_wconf 86' lang='lat' dir='ltr'>atque</span> <span class='ocrx_word' id='word_1_210' title='bbox 1130 2322 1340 2377; x_wconf 85' lang='lat' dir='ltr'>specimen</span> <span class='ocrx_word' id='word_1_211' title='bbox 1364 2320 1585 2376; x_wconf 73' lang='lat' dir='ltr'>Chrysidis</span> 
     </span>
     <span class='ocr_line' id='line_1_29' title="bbox 185 2395 1582 2454; baseline -0.003 -15"><span class='ocrx_word' id='word_1_212' title='bbox 185 2398 340 2440; x_wconf 90' lang='lat' dir='ltr'>ibidem</span> <span class='ocrx_word' id='word_1_213' title='bbox 380 2397 689 2454; x_wconf 88' lang='lat' dir='ltr'>deprehensum</span> <span class='ocrx_word' id='word_1_214' title='bbox 738 2398 835 2439; x_wconf 88' lang='lat' dir='ltr'>mihi</span> <span class='ocrx_word' id='word_1_215' title='bbox 878 2397 995 2439; x_wconf 92' lang='lat' dir='ltr'>dono</span> <span class='ocrx_word' id='word_1_216' title='bbox 1036 2395 1151 2438; x_wconf 86' lang='lat' dir='ltr'>dedit</span> <span class='ocrx_word' id='word_1_217' title='bbox 1191 2395 1343 2436; x_wconf 81' lang='lat' dir='ltr'>Illustr.</span> <span class='ocrx_word' id='word_1_218' title='bbox 1383 2395 1582 2437; x_wconf 84' lang='lat' dir='ltr'>detector.</span> 
     </span>
     <span class='ocr_line' id='line_1_30' title="bbox 185 2469 1587 2528; baseline -0.003 -14"><span class='ocrx_word' id='word_1_219' title='bbox 185 2472 438 2522; x_wconf 82' lang='lat' dir='ltr'>FolliculuS,</span> <span class='ocrx_word' id='word_1_220' title='bbox 470 2475 512 2513; x_wconf 93' lang='lat' dir='ltr'>in</span> <span class='ocrx_word' id='word_1_221' title='bbox 544 2486 630 2527; x_wconf 88' lang='lat' dir='ltr'>quo</span> <span class='ocrx_word' id='word_1_222' title='bbox 666 2471 843 2528; x_wconf 83' lang='lat' dir='ltr'>Chrysis</span> <span class='ocrx_word' id='word_1_223' title='bbox 875 2471 1035 2513; x_wconf 88' lang='lat' dir='ltr'>inclusa</span> <span class='ocrx_word' id='word_1_224' title='bbox 1068 2472 1161 2522; x_wconf 85' lang='lat' dir='ltr'>fuit,</span> <span class='ocrx_word' id='word_1_225' title='bbox 1192 2469 1392 2513; x_wconf 83' lang='lat' dir='ltr'>folliculis</span> <span class='ocrx_word' id='word_1_226' title='bbox 1424 2470 1587 2512; x_wconf 57' lang='lat' dir='ltr'>Osmia&lt;</span> 
     </span>
     <span class='ocr_line' id='line_1_31' title="bbox 187 2546 548 2588; baseline -0.006 0"><span class='ocrx_word' id='word_1_227' title='bbox 187 2562 275 2588; x_wconf 89' lang='lat' dir='ltr'>rum</span> <span class='ocrx_word' id='word_1_228' title='bbox 306 2546 548 2588; x_wconf 84' lang='lat' dir='ltr'>simillimus.</span> 
     </span>
    </p>
   </div>
   <div class='ocr_carea' id='block_1_5' title="bbox 274 2617 1589 2677">
    <p class='ocr_par' dir='ltr' id='par_1_7' title="bbox 274 2617 1589 2677">
     <span class='ocr_line' id='line_1_32' title="bbox 274 2617 1589 2677; baseline -0.003 -15"><span class='ocrx_word' id='word_1_229' title='bbox 274 2620 495 2662; x_wconf 79' lang='lat' dir='ltr'>ObsorV.</span> <span class='ocrx_word' id='word_1_230' title='bbox 558 2619 808 2677; x_wconf 79' lang='lat' dir='ltr'>Magnitudo</span> <span class='ocrx_word' id='word_1_231' title='bbox 850 2623 1041 2677; x_wconf 81' lang='lat' dir='ltr'>corporis</span> <span class='ocrx_word' id='word_1_232' title='bbox 1074 2628 1113 2663; x_wconf 90' lang='lat' dir='ltr'>et</span> <span class='ocrx_word' id='word_1_233' title='bbox 1145 2619 1361 2677; x_wconf 84' lang='lat' dir='ltr'>sculptura</span> <span class='ocrx_word' id='word_1_234' title='bbox 1401 2617 1589 2660; x_wconf 84' lang='lat' dir='ltr'>abdomi-</span> 
     </span>
    </p>
   </div>
  </div>
 </body>
</html>
