1695 3277
186 331 247 357 xu
768 316 1011 372 Praefatio.

186 435 414 489 sentietur,
450 435 533 479 iam
569 431 672 478 inde
707 432 762 478 ab
798 449 911 479 anno
940 433 1064 480 1808
1098 434 1170 495 (in
1201 432 1284 480 Ins.
1309 432 1478 497 Ligur.)
1514 453 1582 482 as-

185 509 420 564 severanti,
455 508 708 554 abdominis
742 513 1014 568 seqmentum
1047 510 1235 556 dorsale
1269 511 1449 555 tertium
1473 509 1583 555 duo-

185 583 269 629 bus
304 583 545 645 segmentis
579 582 826 630 dorsalibus
862 591 1077 630 constare.
1123 583 1261 634 Quam
1295 586 1482 648 partium
1514 602 1583 631 ra-

183 659 348 704 tionem
383 659 426 703 in
460 657 687 722 plerisque
719 659 958 722 speciebus
982 676 1069 722 ego
1094 676 1273 724 quoque
1296 661 1461 715 inveni3
1497 668 1583 706 ter—

183 734 289 778 tium
332 734 481 797 itaque
524 742 802 797 segmentum
847 734 1020 781 dorsale
1062 752 1145 798 pro
1188 735 1439 798 supradicta
1482 752 1582 781 area

184 809 339 865 basali,
397 818 599 873 quartum
643 817 687 856 et
729 809 926 856 ultimum
968 827 1051 873 pro
1094 826 1195 856 area
1237 810 1346 855 anali
1379 810 1582 857 habenda

183 891 296 940 sunt,
332 892 376 930 et
410 886 550 932 series
584 885 857 931 foveolarum
893 876 1175 948 anteapicalis
1209 885 1314 930 nihil
1348 885 1464 930 aliud
1500 887 1581 931 erit

180 959 264 1004 nisi
297 977 451 1023 margo
488 968 715 1007 catenatus
740 960 1030 1017 duriusculus,
1064 961 1215 1007 ultima
1240 960 1327 1006 duo
1352 949 1582 1024 segmenta

182 1033 395 1081 dividens.
476 1033 616 1084 Quam
657 1038 919 1082 sententiam
963 1035 1138 1083 abunde
1182 1035 1440 1082 confirmant
1481 1035 1580 1082 tho-

180 1111 293 1155 racis
337 1118 570 1173 segmenta
615 1109 803 1156 dorsalia
850 1119 894 1157 et
933 1111 1196 1174 pectoralia,
1238 1110 1355 1156 haud
1388 1128 1488 1157 raro
1523 1112 1582 1157 ita

179 1186 293 1231 inter
328 1202 377 1232 se
412 1187 659 1241 coniuncta,
702 1187 790 1232 imo
826 1194 1048 1242 concreta,
1087 1194 1135 1232 ut
1168 1187 1340 1232 nonnisi
1375 1186 1582 1233 adhibitis

180 1262 342 1307 suturis
375 1269 499 1307 recte
535 1260 744 1324 distingui
776 1263 961 1324 possint.

273 1334 512 1399 Impressio
539 1336 714 1382 basalis
737 1336 958 1383 normalis
982 1338 1197 1396 segmenti
1219 1337 1423 1382 dorsalis
1439 1338 1581 1397 primi

178 1428 264 1456 non
302 1411 445 1456 solum
479 1428 503 1456 a
535 1411 736 1457 musculo
773 1418 977 1457 erectore
1001 1411 1180 1467 laterali,
1215 1410 1297 1458 sed
1323 1413 1499 1475 saepius
1523 1412 1577 1458 ab

177 1486 436 1550 aequalibus
470 1488 679 1533 metanoti
702 1487 1046 1549 protuberantiis
1071 1486 1267 1532 efficitur.
1328 1484 1449 1535 Quae
1473 1504 1577 1549 pro-

177 1562 451 1607 tuberantiae
486 1569 689 1607 constant

243 1636 300 1696 l)
337 1637 607 1699 marginibus
641 1636 714 1682 vel
748 1636 982 1682 asserculis
1017 1638 1151 1683 rectis
1186 1645 1260 1682 aut
1295 1637 1498 1691 curvatis,

238 1711 300 1771 2)
336 1713 546 1759 metanoti
580 1711 749 1774 angulis
783 1711 1265 1775 postico-lateralibus,

239 1787 299 1847 3)
334 1787 611 1850 postscutelli
645 1788 973 1834 continuatione
1007 1787 1183 1834 dentata
1218 1794 1293 1833 aut
1325 1786 1535 1833 aculeata.

271 1860 398 1908 Hanc
451 1863 826 1909 continuationem
867 1865 1028 1920 rarius,
1079 1865 1300 1925 margines
1343 1869 1488 1908 autem
1532 1870 1576 1908 et

176 1937 361 2000 angulos
396 1955 575 2001 semper
604 1939 762 1984 inveni.
810 1936 1066 1984 Secundum
1098 1939 1452 2002 protuberantias
1475 1938 1574 2000 plus

173 2012 246 2058 vel
280 2014 422 2059 minus
458 2013 651 2060 elevatas
686 2014 949 2059 constitutae
981 2022 1083 2059 sunt
1103 2015 1432 2077 impressiones,
1467 2030 1576 2076 quas

174 2089 306 2150 igitur
341 2105 396 2134 eo
432 2096 634 2151 tempore
667 2087 804 2134 factas
838 2087 974 2135 fuisse
1008 2089 1159 2153 liquet,
1195 2106 1283 2153 quo
1318 2087 1574 2143 animalculi,

174 2162 397 2228 nymphae
448 2171 607 2210 statum
659 2163 832 2226 adepti,
889 2180 1043 2210 omnes
1092 2172 1242 2227 partes
1291 2164 1573 2209 mollissimae

176 2246 311 2285 erant.

270 2311 404 2360 Primi
440 2321 484 2360 et
518 2313 702 2360 secundi
737 2314 955 2376 segmenti
991 2312 1174 2359 dorsalis
1211 2315 1430 2376 margines
1465 2315 1572 2361 late—

177 2389 312 2446 rales,
362 2406 672 2453 nonnunquam
724 2388 779 2434 ad
821 2388 1188 2452 perpendiculum
1232 2387 1480 2445 decurvati,
1531 2391 1573 2435 in

177 2472 366 2528 utroque
408 2466 545 2512 latere
581 2465 847 2528 singularem
883 2464 1075 2512 efficiunt
1109 2481 1277 2520 aream,
1320 2466 1441 2511 tenui
1475 2465 1574 2528 plus

174 2540 376 2586 minusve
422 2541 593 2587 elevato
629 2542 826 2604 margine
862 2539 1196 2596 circumdatam,
1247 2557 1376 2603 quam
1413 2555 1574 2586 aream

175 2615 414 2662 lateralem
434 2617 857 2677 intramarqz’nalem
880 2615 1107 2680 appellavi.
1145 2614 1279 2661 Cuius
1303 2632 1432 2662 areae
1456 2615 1570 2661 scul-

174 2698 300 2753 ptura
344 2699 389 2738 et
430 2691 568 2738 forma
611 2691 667 2738 ad
702 2691 1036 2755 distinguendas
1071 2699 1191 2738 arcte
1227 2699 1436 2754 cognatas
1472 2708 1572 2755 spe—
