1695 3241
460 280 495 320 7.
564 278 768 335 Chrysis:
797 277 1004 320 Phalanx
1035 278 1085 319 V.
1388 280 1470 321 195

75 398 202 453 magis
222 400 448 452 superante
470 400 597 450 atque
619 396 858 444 intensiore,
889 397 1061 449 pronoti
1091 393 1248 436 lineola
1278 393 1470 436 mediana

74 472 200 526 nigra,
231 476 349 525 parte
380 467 616 510 abdominis
648 467 751 520 (ubi
781 467 967 510 maculae
998 468 1166 510 lunatae
1194 467 1374 521 adsunt)
1395 483 1471 524 po-

73 544 163 595 lita,
202 544 386 600 margine
425 556 586 584 summo
627 541 738 583 anali
777 541 914 598 polito
953 542 1127 598 pulchre
1165 542 1358 585 violaceo
1394 556 1471 598 per

74 616 299 659 carinulam
339 616 571 658 medianam
609 615 783 658 viridem
823 615 1038 658 denticulo
1077 616 1249 659 centrali
1279 617 1470 658 termina-

74 699 155 733 tam
185 690 381 748 abrupto.

317 823 405 862 105.
461 822 659 874 Chrysis
687 823 981 863 truncatella
1008 822 1158 875 Spinol.
1187 822 1228 866 Ω.

159 915 385 970 Elongata
425 921 615 970 angusta
653 914 912 957 sublinearis
950 915 979 956 3
1008 915 1083 956 lin.
1123 914 1317 956 decimal.
1350 914 1466 968 long.

63 991 400 1045 punctalis-sima
437 989 705 1031 viridissima
751 991 916 1031 aucturis
956 988 1146 1031 thoracis
1185 994 1225 1030 et
1262 988 1469 1029 incisuris

71 1062 313 1105 abdominis
341 1063 660 1118 nigricantibus
691 1071 766 1105 aut
795 1063 1139 1116 violascentibus,
1163 1077 1248 1104 ano
1270 1068 1468 1104 truncato

69 1137 494 1180 subtridenticulato:
523 1138 736 1181 denticulo
767 1138 949 1180 centrali
979 1137 1165 1180 obsoleto
1195 1136 1343 1178 obtuso
1374 1134 1468 1177 sub-

69 1218 265 1265 arcualo,
296 1212 380 1253 alis
411 1212 588 1254 sordide
617 1212 817 1269 hyalinia.

118 1294 264 1340 Chrysis
289 1296 501 1330 trancatella
527 1295 655 1340 Spinol.
682 1295 794 1329 inedit.

157 1363 340 1406 Habitat
369 1366 412 1405 in
443 1363 637 1415 Brasilia,
677 1364 785 1406 Mus.
820 1363 1052 1419 Spinolae3
1091 1364 1165 1418 qui
1199 1363 1412 1418 specimen
1442 1375 1466 1402 e

68 1435 339 1479 Collectione
371 1437 600 1479 Latreillez‘
627 1444 842 1494 acceptum
873 1437 1056 1494 benigne
1087 1437 1420 1478 communicavit.

156 1509 376 1553 Observ.
436 1510 642 1569 Chrysidt’
663 1512 877 1567 parvulae
905 1510 1030 1552 valde
1060 1510 1203 1552 similis
1236 1517 1277 1551 et
1307 1509 1463 1557 affinis;

67 1591 108 1626 at
138 1581 319 1641 corpore
351 1583 493 1640 gracili
524 1584 745 1640 multoque
775 1587 1036 1641 angustiore,
1067 1583 1336 1633 viridissimo,
1367 1597 1465 1639 pro-

66 1666 171 1700 noto
201 1657 561 1714 longitudinaliter
596 1658 778 1710 sulcato,
818 1661 887 1700 ani
926 1657 1142 1700 denticulo
1183 1656 1358 1699 centrali
1390 1656 1465 1698 ob-

65 1731 318 1774 soletissimo
351 1732 508 1774 obtuso
541 1740 713 1775 arcuato
746 1740 822 1774 etc.
853 1732 1049 1774 facillime
1080 1731 1386 1788 distinguenda.

155 1805 298 1861 Caput
326 1806 842 1863 rotundato-triangulum
879 1806 1046 1848 modice
1076 1808 1464 1862 punctam-reticu-

64 1881 206 1931 latum,
234 1894 360 1936 supra
390 1894 622 1922 convexum
653 1888 786 1922 totum
817 1879 969 1929 viride3
1000 1886 1214 1921 stemmata
1235 1879 1463 1936 submagna

66 1955 227 1997 elevata
257 1957 301 1996 in
330 1954 583 2010 triangulum
622 1961 734 1996 arcte
772 1956 1076 2010 approximata;
1116 1955 1269 1995 cavitas
1306 1952 1463 1995 facialis

66 2028 254 2085 oblonga
283 2027 663 2084 subrectangularis
694 2027 825 2069 nitida
855 2027 1349 2084 punctulato-coriacea,
1380 2041 1463 2069 me·

65 2103 136 2145 dio
160 2102 371 2144 subtiliter
391 2101 674 2153 canaliculata‚
705 2101 909 2144 lateribus
938 2103 1248 2151 cano-sericea,
1279 2115 1462 2158 superne

64 2184 299 2219 transverse
320 2175 612 2232 marginulata:
642 2175 875 2232 marginulo
897 2178 1096 2231 utrinque
1117 2175 1169 2217 ad
1191 2175 1342 2217 oculos
1363 2175 1462 2217 sub-

64 2252 260 2292 arcuatim
282 2249 467 2300 deflexo;
499 2264 592 2291 cum
623 2250 706 2292 hoc
727 2249 961 2307 marginulo
985 2250 1213 2292 cohaerent
1240 2249 1461 2306 marginuli

63 2323 149 2367 duo
180 2323 383 2366 frontales
414 2323 622 2379 paralleli,
662 2337 846 2380 superne
886 2325 1022 2375 (inter
1052 2325 1292 2375 stemmata)
1323 2325 1367 2364 in
1399 2337 1461 2364 ar-

62 2413 156 2440 cum
194 2404 477 2440 transversum
511 2399 727 2452 conjuncti
759 2404 800 2439 et
829 2403 1002 2438 stemma
1032 2399 1213 2438 anticum
1245 2410 1298 2439 eo
1329 2396 1458 2440 modo

61 2470 339 2514 includentes.
400 2472 621 2514 Antennae
649 2470 883 2513 mediocres
914 2470 1118 2512 robustae
1147 2471 1300 2523 fuscae,
1330 2485 1457 2527 scapo

62 2552 166 2597 toto,
195 2545 407 2602 pedicello
439 2552 480 2587 et
510 2544 687 2587 articulo
719 2547 906 2602 proxime
938 2552 1143 2601 sequente
1174 2560 1321 2602 supra,
1353 2547 1459 2587 vire-

62 2619 287 2662 scentibus.
348 2622 492 2663 Partes
523 2622 608 2662 oris
639 2626 684 2662 ut
714 2621 756 2662 in
792 2618 1006 2677 Chryside
1029 2620 1228 2676 parvula.
1289 2619 1457 2662 Thorax
