1695 3241
233 282 321 324 316
387 280 434 322 F
433 279 548 321 amil.
569 276 873 335 Chrysididae.
910 278 1114 337 Chrysis.-
1145 279 1350 321 Phalanx
1377 279 1506 322 VIII.

234 397 421 454 proxima
454 394 631 451 oblique
663 401 849 445 arcuata3
880 402 1059 452 uterque
1090 395 1195 438 dens
1225 395 1407 438 lateralis
1438 395 1492 438 ad
1512 395 1633 439 basin

233 470 426 524 marginis
456 468 638 511 lateralis
668 471 772 511 situs
802 468 966 511 validus
997 469 1289 526 acutangulus,
1337 485 1360 511 a
1391 469 1517 512 dente
1547 472 1633 527 api-

234 541 313 584 cali
345 549 514 585 externe
542 542 670 599 longe
699 550 896 595 remotus,
938 558 1080 600 margo
1111 546 1221 586 inter
1250 544 1363 585 hunc
1393 551 1435 586 et
1464 543 1631 586 dentem

233 616 434 672 apicalem
465 619 696 673 proximum
727 617 926 674 obliquus
957 625 1165 660 arcuatus.
1217 620 1381 660 Venter
1401 617 1632 660 fornicatus

233 690 381 732 viridi·
390 706 589 747 cyaneus,
1557 679 1559 682 ι

463 839 673 884 Subdivis.
705 844 746 885 2.
807 841 1057 884 Abdominis
1089 843 1291 896 segmenti
1322 839 1500 882 dorsalis
1531 841 1633 882 3:1ii

811 915 978 958 dentes:
1010 929 1155 957 omnes
1186 916 1213 956 6
1235 915 1437 970 apicales.

522 987 677 1030 Tribus
712 990 748 1031 l.
809 990 972 1032 Dentes
1003 990 1031 1031 2
1063 991 1221 1031 externi
1253 987 1406 1039 obtusi,
1438 1002 1487 1030 ex
1517 990 1636 1044 apice

806 1065 999 1120 marginis
1029 1062 1214 1106 lateralis
1235 1069 1407 1104 arcuato
1429 1061 1606 1104 formati.

482 1204 571 1243 179.
625 1203 830 1257 Chrysis
857 1203 1077 1243 violacea
1103 1202 1264 1242 Panzer.
1292 1199 1382 1246 ςῖᾫ.

322 1286 564 1330 Mediocris
593 1289 747 1344 2{—3
767 1289 841 1330 lin.
873 1288 1068 1330 decimal.
1100 1288 1216 1342 long.
1248 1293 1438 1342 angusta
1467 1285 1636 1342 conser-

235 1363 311 1403 tim
349 1363 515 1404 modice
547 1363 1023 1418 punctam-reticulata
1060 1363 1273 1412 violacea,
1322 1362 1464 1417 capite
1494 1363 1636 1403 aulice

229 1436 498 1494 pedibusque
525 1438 847 1492 virescentibus,
879 1437 1104 1479 abdomine
1126 1436 1395 1493 punctulum,
1432 1435 1638 1477 lateribus

236 1513 442 1568 apiceque
471 1512 932 1569 viridi-cyanescente,
963 1514 1175 1566 segmenti
1203 1512 1309 1553 32tii
1328 1509 1524 1551 dentibus
1545 1511 1637 1564 api-

236 1585 401 1627 calibus
439 1586 466 1626 4
497 1585 782 1628 mediocribus
821 1592 945 1628 acute
975 1585 1341 1640 triangularibus,
1389 1584 1417 1624 2
1449 1584 1638 1624 externis

235 1658 471 1713 majoribus
501 1658 676 1712 obtusis,
707 1660 791 1701 alis
821 1659 1024 1717 hyalim's.

310 1753 456 1800 Chrysis
480 1754 639 1790 violacea
664 1754 762 1788 Panz.
789 1754 871 1788 Krit.
895 1753 1005 1787 Revis.
1030 1755 1064 1788 2.
1090 1752 1169 1787 103.

309 1810 457 1856 Chrysis
488 1813 696 1846 sexdentata
720 1811 846 1844 Panzer
879 1812 939 1844 Fn.
966 1811 1080 1844 Germ.
1105 1809 1233 1844 51:12.
1273 1815 1359 1843 nota
1382 1809 1479 1843 bene:
1510 1808 1639 1843 iconem

375 1867 497 1914 pictam
522 1878 551 1901 et
575 1867 730 1900 »Habitat
753 1867 1016 1910 Norimbergae«
1041 1864 1074 1909 (3
1099 1865 1249 1899 exclusis:
1275 1867 1376 1909 ligura
1401 1866 1558 1910 segmenti
1583 1868 1641 1899 ab-

378 1924 521 1959 dominis
546 1924 655 1966 ultimi
680 1924 775 1964 aucti,
807 1924 956 1967 diagnosi
980 1933 1010 1957 et
1034 1923 1266 1968 descriptione,
1298 1937 1381 1968 quae
1405 1924 1516 1957 omnia
1541 1923 1641 1969 perti-

378 1991 457 2016 nent
489 1983 530 2015 ad
556 1982 764 2028 Chrysidem
794 1983 1038 2016 sexdentatam
1070 1982 1170 2015 Fabr.
1201 1981 1322 2015 Confer
1346 1995 1401 2016 no.
1421 1981 1489 2016 183
1521 1982 1555 2014 in
1581 1983 1644 2015 hoe

376 2049 489 2073 nostro
514 2038 662 2082 libello).
700 2036 704 2041 ⁷

313 2095 459 2143 Chrysis
490 2096 675 2142 indigotea
706 2093 842 2130 Dufour
872 2097 993 2130 Annal.
1020 2096 1190 2130 Entomol.
1219 2095 1321 2130 1840.
1345 2096 1392 2130 38
1409 2111 1416 2131 :
1433 2095 1488 2130 18.
1515 2093 1566 2141 ff.
1596 2109 1643 2130 sc-

378 2154 525 2187 cundum
550 2153 716 2199 specimen
740 2151 888 2201 typicum
914 2163 931 2188 a
959 2153 1027 2188 Cel.⁴
1045 2153 1196 2200 Dufour
1219 2153 1317 2186 nobis
1342 2154 1512 2187 donatum.

328 2249 511 2293 Habitat
539 2253 583 2293 in
605 2250 833 2294 Germania
863 2265 953 2293 non
981 2265 1079 2293 raro
1104 2251 1158 2292 D.
1180 2250 1356 2292 Panzer
1375 2251 1480 2292 Krit.
1498 2251 1642 2293 Revis.

240 2323 268 2366 l.
300 2339 356 2375 c.;
391 2326 435 2367 in
467 2324 618 2377 Gallia,
649 2325 702 2367 ad
735 2325 794 2368 St.
817 2326 958 2377 Sever,
989 2324 1209 2377 „nidificat
1229 2318 1282 2366 in
1311 2327 1434 2366 ramis
1467 2326 1644 2366 exsicca-

240 2400 292 2440 tis
314 2398 432 2441 Rubi
446 2399 676 2453 fruticosi,
708 2402 888 2456 parasita
915 2401 1109 2458 Odyneri
1138 2399 1391 2441 rubicolae“
1412 2398 1513 2440 Duf.
1536 2398 1562 2440 l.
1586 2413 1641 2446 c.;

240 2474 285 2515 in
315 2473 503 2525 Bavaria,
532 2475 587 2516 D.
611 2474 820 2530 Spinola5
850 2477 894 2516 in
926 2475 1093 2517 Austria
1124 2474 1178 2516 ad
1210 2475 1429 2524 Viennam,
1460 2473 1513 2515 D.
1536 2473 1644 2516 Kol-

243 2546 335 2599 lar-,-
380 2549 425 2590 in
457 2549 645 2592 America
676 2548 1015 2606 septentrionali,
1056 2549 1110 2591 D.
1135 2549 1364 2601 Latreille,
1403 2549 1513 2591 Mus.
1545 2547 1644 2603 Spa·-

243 2620 380 2663 nolae.
