1695 3277
1412 312 1488 337 xlx

87 827 156 868 ΠΙ.
217 827 446 884 Catalogus
478 829 896 885 Hymenopterorum
929 827 1344 884 Chrysidiformium,
1385 822 1487 866 Col-

86 895 278 938 lectionis
308 897 510 939 Fabricii
547 896 714 949 (Musei
744 898 1039 939 Universitatis
1070 897 1229 950 isici),
1275 909 1353 952 pro
1385 893 1487 948 „Sy-

398 972 571 1008 stemate
601 967 887 1008 Piezatorum“
917 968 1172 1022 typicorum.

112 1072 139 1103 1.
168 1071 335 1117 »Chrysis
361 1072 561 1116 splendida«
758 1098 765 1105 .
816 1099 822 1105 .
849 1084 895 1100 =
920 1072 1063 1105 Stilbum
1087 1072 1130 1105 id.
1156 1074 1235 1105 nob.

110 1129 141 1160 2.
168 1128 333 1174 »Chrysis
349 1130 619 1174 smaragdulau;
635 1143 701 1163 non
714 1129 821 1176 typica
846 1141 891 1157 =
917 1129 1048 1176 Chrysis
1074 1129 1242 1162 Schifidtei
1267 1129 1344 1160 nob.

109 1185 140 1218 3.
167 1185 334 1231 »Chrysis
359 1187 521 1219 oculata«
578 1212 584 1218 .
637 1212 642 1218 .
695 1213 701 1219 .
755 1214 760 1219 .
810 1212 817 1219 .
844 1197 890 1213 =
912 1186 956 1218 id.
982 1187 1061 1219 nob.

108 1243 138 1274 4.
165 1242 331 1288 »Chrysis
355 1243 575 1277 scutellaris«
638 1270 643 1275 .
695 1269 701 1276 .
752 1270 757 1276 .
843 1254 888 1270 =
911 1243 955 1276 id.
981 1244 1059 1276 nob.

109 1300 141 1332 5.
167 1299 333 1345 »Chrysis
357 1310 506 1334 carnea<t
579 1325 820 1333 .....
843 1311 889 1327 =
914 1300 1083 1345 Parnopes
1108 1300 1151 1332 id.
1179 1300 1255 1332 nob.

109 1356 139 1388 6.
166 1356 331 1401 »Chrysis
348 1356 521 1403 fulgida«
579 1383 584 1388 .
638 1384 642 1389 .
694 1383 700 1389 .
753 1385 758 1390 .
810 1383 818 1390 .
843 1368 889 1384 =
915 1357 1045 1404 Chrysis
1070 1357 1115 1390 id.
1139 1357 1217 1390 nob.

108 1413 138 1444 7.
166 1412 331 1457 »Chrysis
356 1413 496 1457 ignita«
517 1439 522 1445 .
575 1440 580 1446 .
632 1440 638 1446 .
692 1440 697 1446 .
750 1439 756 1446 .
808 1439 814 1446 .
841 1425 886 1440 =
910 1413 956 1446 id.
981 1416 1060 1447 nob.

106 1469 136 1500 8.
163 1468 329 1513 »Chrysis
355 1469 555 1502 bidentata«
580 1496 586 1503 .
754 1496 762 1503 .
846 1481 891 1497 =
914 1471 958 1503 id.
984 1472 1063 1505 nob.

107 1525 136 1557 9.
163 1524 329 1570 »Chrysis
354 1525 553 1559 succincta«
577 1553 582 1559 .
633 1551 640 1558 .
693 1552 698 1558 .
751 1551 757 1558 .
809 1551 816 1558 .
843 1537 888 1552 =
911 1526 956 1558 id.
981 1528 1059 1559 nob.

85 1582 136 1615 10.
163 1582 329 1627 »Chrysis
354 1583 531 1616 lucidum«
574 1608 812 1616 .....
839 1593 885 1610 =
909 1583 1123 1630 Hedychrum
1147 1582 1191 1615 id.
1217 1584 1295 1615 nob.
1322 1580 1362 1624 ῼ.

85 1640 136 1671 11.
163 1639 330 1684 ”Chrysis
347 1640 514 1686 fervida«
573 1665 814 1674 .....
840 1651 886 1667 =
910 1640 1126 1687 Hedychrum
1149 1639 1193 1672 id.
1218 1641 1296 1672 nob.

85 1697 136 1729 12.
164 1696 329 1742 »Chrysis
354 1703 506 1731 aurata«
573 1723 580 1730 .
747 1723 754 1729 .
807 1723 813 1731 .
838 1708 885 1724 =
910 1697 1050 1730 Omalus
1074 1697 1122 1730 id.
1136 1698 1216 1731 nob.

83 1752 135 1786 13.
162 1753 327 1799 »Chrysis
350 1755 473 1800 regia«
515 1780 813 1788 ......
837 1765 883 1782 =
907 1755 1122 1802 Hedychrum
1136 1754 1320 1787 lucidulum
1336 1753 1415 1786 nob.
1431 1750 1482 1795 07.

83 1811 136 1843 14.
161 1811 329 1857 »Chrysis
354 1823 504 1857 cyanea«
578 1838 584 1844 .
635 1838 641 1844 .
694 1838 699 1845 .
752 1839 757 1845 .
809 1838 815 1844 .
843 1823 888 1839 =
911 1812 956 1844 id.
982 1813 1061 1845 nob.

84 1868 135 1900 15.
162 1868 328 1914 »Chrysis
352 1869 607 1915 amethystina«
630 1896 636 1902 .
688 1897 693 1902 .
746 1895 753 1902 .
806 1895 814 1902 .
839 1881 885 1897 =
908 1869 952 1901 id.
977 1871 1056 1902 nob.

84 1925 136 1957 16.
163 1924 327 1971 «Chrysis
354 1928 568 1960 6-dentata«
636 1952 643 1958 .
693 1951 700 1959 .
811 1953 818 1960 .
842 1938 888 1954 =
912 1927 954 1959 id.
980 1929 1059 1959 nob.

85 1982 136 2014 17.
163 1983 328 2027 »Chrysis
352 1983 554 2029 refulgens«
803 2008 811 2016 .
835 1994 881 2010 =
906 1983 1037 2029 Chrysis
1062 1983 1219 2015 austriaca
1243 1982 1321 2014 nob.
1348 1977 1398 2023 (J

84 2038 136 2069 18.
163 2037 327 2083 »Chrysis
344 2039 532 2085 fasciam«
573 2064 578 2070 .
631 2064 636 2070 .
687 2064 694 2072 .
747 2064 753 2071 .
804 2065 811 2072 .
838 2051 884 2067 =
908 2039 951 2072 id.
978 2040 1059 2072 nob.

85 2094 136 2126 19.
164 2093 328 2139 »Chrysis
349 2097 525 2139 parvula«
575 2120 581 2126 .
633 2121 639 2126 .
692 2122 696 2126 .
751 2122 756 2128 .
808 2122 813 2129 .
841 2108 887 2124 =
910 2096 944 2128 id
979 2097 1057 2129 nob.

82 2151 136 2184 20.
162 2151 328 2197 »Chrysis
353 2153 557 2187 austriaca«
578 2178 584 2184 .
636 2179 641 2184 .
694 2178 700 2184 .
753 2178 758 2185 .
809 2178 817 2185 .
843 2165 888 2180 =
912 2153 955 2185 id.
981 2154 1060 2186 nob.

81 2210 136 2242 21.
163 2209 327 2254 »Chrysis
351 2210 556 2243 caerulum«
807 2236 814 2243 .
840 2222 886 2238 =
911 2210 1043 2256 Chrysis
1068 2209 1111 2242 id.
1135 2211 1214 2242 nob.
1241 2222 1304 2242 var.

81 2266 136 2298 22.
167 2265 332 2311 »Chrysis
353 2267 535 2312 gloriosa«
577 2293 815 2302 .....
841 2278 887 2294 =
912 2267 1083 2314 Holopyga
1109 2276 1201 2300 ovata
1226 2267 1305 2299 nob.
1332 2278 1394 2298 var.

80 2323 134 2355 23.
166 2323 332 2368 »Chrysis
352 2324 508 2367 pusilla«
574 2349 813 2358 .....
839 2335 885 2352 =
911 2323 1049 2357 Omalus
1073 2324 1115 2356 id.
1142 2324 1221 2357 nob.

80 2381 100 2528 mmm

105 2383 124 2528 00¹⁴>

129 2406 135 2412 .
165 2380 331 2426 »Chrysis
356 2391 481 2415 aenea«
519 2407 524 2413 .
577 2408 582 2414 .
636 2408 642 2414 .
694 2408 699 2413 .

129 2463 134 2470 .
162 2438 326 2483 »Chrysis
347 2445 557 2482 purpurata
583 2437 622 2483 07·
632 2438 686 2481 9«

119 2499 134 2527 ’.
162 2495 329 2541 »Chrysis
352 2496 565 2539 caerulipes«
635 2522 640 2528 .
694 2520 699 2527 .

751 2407 757 2414 .
809 2407 815 2413 .
841 2393 887 2409 =
912 2381 1050 2414 Omalus
1075 2381 1117 2413 id.
1143 2381 1221 2413 nob.

807 2464 812 2470 .
839 2449 884 2465 =
910 2438 1041 2484 Chrysis
1067 2437 1203 2470 nitidula
1229 2438 1306 2469 nob.

752 2520 757 2526 .
811 2520 815 2527 .
842 2506 888 2522 =
911 2495 955 2526 id.
981 2496 1057 2527 nob.

1104 2690 1215 2733 *2*
