1695 3241
473 290 510 331 7.
577 288 783 347 C'hrysis:
814 289 1019 332 Phalanx
1049 290 1085 331 I.
1396 290 1480 332 109

375 405 438 444 60.
496 404 698 456 Chrysis
735 419 944 457 cyanura
979 406 1095 458 Klug.
1131 406 1172 450 Ω.

164 480 420 535 Submagna
448 479 627 522 robusta
656 482 684 523 3
716 482 790 524 lin.
822 482 1018 523 decimal.
1049 482 1166 536 long.
1198 497 1346 523 erasse
1368 497 1481 538 pan-

76 561 194 597 ctata
233 569 494 612 cyanescens
533 554 777 596 abdominis
823 563 1043 609 segmento
1082 557 1203 597 3:150
1241 556 1480 609 concolore,

79 637 178 672 ante
206 631 448 684 marginem
481 629 686 670 callosam
718 630 1291 683 concaviusculo-immerso,
1325 632 1482 672 vertice

79 703 355 760 thoracisque
384 703 513 744 dorso
545 704 845 746 aureo-viridi
880 704 1122 756 maculatis,
1155 703 1396 746 abdominis
1416 720 1481 746 se-

74 779 266 832 gmentis
295 777 460 818 duobus
491 779 646 818 amicis
676 793 824 819 crasse
858 780 1082 834 punctatis
1112 778 1376 820 viridissime
1406 794 1481 820 au-

76 853 204 904 ratis,
236 851 320 893 alis
339 850 543 908 hyalinis,
575 851 636 892 ad
664 851 843 894 cellulae
872 852 1060 894 radialis
1081 854 1321 907 marginem
1342 859 1480 894 cosla-

78 925 159 967 lem
189 925 392 967 sordidis.

125 1008 273 1054 Chrysis
297 1019 458 1053 cyanura
484 1009 572 1051 Klug
596 1009 684 1042 Blus.
712 1009 861 1042 Berolin.
889 1008 988 1043 1847.

167 1077 350 1118 Habitat
380 1078 423 1117 in
455 1078 607 1118 Rossia
646 1077 930 1128 meridionali,
971 1093 994 1118 a
1025 1078 1080 1118 D.
1113 1077 1266 1118 Pallas
1298 1076 1479 1125 detectam

79 1151 191 1192 Mus.
223 1150 411 1192 Berolin.

167 1224 391 1266 Observ.
446 1225 721 1267 Praecedenti
752 1226 770 1277 (
785 1224 886 1268 Chr.
911 1226 1208 1278 incrassatae)
1239 1226 1382 1280 major,
1413 1238 1481 1266 ro—

78 1299 243 1341 bustior
275 1306 315 1340 et
346 1298 559 1355 sculptura
592 1301 794 1350 crassiori,
827 1299 1052 1342 abdomine
1083 1302 1211 1355 magis
1235 1299 1369 1340 viride
1401 1305 1479 1340 etc.

80 1373 203 1414 facile
225 1373 409 1428 dignota.
428 1400 478 1406 —
504 1373 646 1430 Caput
665 1373 989 1429 longiusculum.
1029 1374 1159 1416 Oculi
1181 1376 1304 1415 ovati.
1351 1374 1482 1415 Stem-

77 1453 186 1487 mata
217 1461 376 1501 magna.
439 1448 597 1488 Vertex
636 1447 743 1488 latus
785 1455 825 1489 et
866 1451 1036 1504 occiput
1065 1448 1347 1503 irregulariter
1376 1463 1482 1504 pun-

78 1519 425 1575 ctato-rugulosa
451 1535 632 1576 cyanea;
664 1523 773 1561 inter
804 1522 955 1562 oculos
986 1528 1201 1563 stemmata
1234 1529 1275 1562 et
1299 1522 1480 1563 frontem

77 1593 199 1650 plaga
230 1593 393 1643 viridis;
434 1596 543 1635 inter
583 1601 753 1635 stemma
790 1597 970 1636 anticum
1004 1602 1044 1636 et
1075 1595 1224 1637 frontis
1256 1597 1482 1651 marginem

79 1670 338 1724 superiorem
370 1668 555 1710 lineolae
586 1668 913 1725 longitudinales
949 1677 1033 1711 tres
1066 1669 1253 1711 elevatae
1284 1669 1483 1725 irregula-

78 1756 158 1784 res.
220 1744 358 1784 Frons
399 1750 439 1784 et
479 1743 656 1799 clypeus
697 1743 1064 1799 cyaneo-virides.
1129 1746 1348 1786 Antennae
1388 1743 1481 1785 bre-

80 1815 315 1866 viusculae,
365 1819 549 1858 crassitie
589 1818 842 1869 mediocres,
890 1833 1042 1873 scapus
1090 1818 1242 1874 longus
1282 1833 1480 1874 cyaneus,

79 1889 210 1931 dorso
241 1890 391 1931 leviter
420 1893 651 1940 virescens3
682 1891 914 1947 pedicellus
948 1898 988 1932 et
1017 1892 1229 1947 flagellum
1250 1892 1378 1942 fusca,
1407 1891 1480 1932 ille

81 1971 122 2005 et
141 1965 266 2019 hujus
288 1963 400 2004 basis
426 1978 553 2019 supra
575 1964 770 2006 obsolete
791 1964 1094 2014 viridi-nitida3
1129 1964 1341 2020 flagellum
1361 1980 1482 2020 prae-

80 2045 194 2078 terea
225 2037 331 2078 infra
362 2051 441 2077 nec
463 2052 550 2079 non
571 2041 690 2094 apice
713 2038 1237 2080 testaceo—brunnescens.
1285 2038 1479 2094 Clypeus

82 2118 127 2152 ut
165 2113 208 2152 in
245 2111 346 2152 Chr.
384 2113 630 2154 incrassata
669 2113 910 2154 simillimus.
991 2113 1160 2154 Thorax
1199 2128 1337 2155 crasse
1375 2129 1482 2169 pun-

82 2184 497 2227 ctam-reticulatus.
565 2186 801 2228 Pronotum
840 2186 1042 2228 lateribus
1084 2202 1309 2242 cyaneum,
1355 2202 1480 2243 supra

81 2259 378 2302 aureo-viride
415 2260 761 2315 impressionibus
801 2263 827 2302 3
868 2263 1058 2317 Cyaneis:
1106 2262 1298 2303 mediana
1336 2261 1480 2303 distin-

81 2336 201 2376 ctiori
231 2333 458 2384 subovata,
497 2334 668 2390 reliquis
701 2335 754 2376 ad
785 2338 1009 2391 marginem
1039 2338 1248 2390 posticum
1280 2337 1479 2391 utrinque

81 2410 167 2450 sitis
198 2407 443 2449 lanceolatis
473 2411 720 2449 transversis
751 2411 886 2449 minus
917 2408 1140 2463 profundis
1167 2415 1206 2449 et
1234 2409 1330 2450 hinc
1352 2409 1480 2451 obso-

82 2481 185 2523 letis.
231 2481 406 2523 Dorsuli
437 2496 534 2522 area
563 2481 755 2523 mediana
777 2496 948 2538 cyanea,
979 2481 1130 2524 leviter
1150 2482 1272 2524 viridi
1293 2485 1478 2534 irrorata,

82 2563 257 2611 utraque
296 2571 392 2597 area
431 2555 616 2597 lateralis
651 2564 836 2598 saturate
867 2556 1176 2598 aureo-viridis
1208 2560 1390 2614 margine
1422 2558 1479 2599 la-

82 2629 200 2671 terali
228 2644 414 2686 cyanem
446 2630 668 2672 scutellum
699 2630 1119 2674 viridi-reticulatum
1151 2634 1315 2688 punctis
1348 2635 1477 2675 omni-
