1695 3277
659 293 903 349 Praefatio.
1405 308 1482 334 xm

89 414 181 459 cies
232 427 541 474 nonnunquam
584 412 681 456 usui
724 410 828 456 mihi
872 409 962 456 suit.
1041 407 1330 456 Conferantur
1373 408 1481 456 deli-

87 489 315 535 neationes
349 488 598 550 specierum
633 503 703 532 no·
730 487 836 532 186.
863 487 970 533 187.
997 485 1103 532 188.
1132 485 1237 531 190.
1264 486 1370 532 191.

184 562 393 627 Corporis
427 560 745 624 longitudinem
777 563 819 607 in
855 569 981 624 parte
1004 561 1175 624 postica
1205 560 1308 607 inde
1332 577 1357 606 a
1380 577 1480 607 ver-

87 640 183 686 ticis
227 655 400 685 summo
442 638 640 699 margine
681 653 824 700 usque
867 635 924 682 ad
957 644 1202 682 extremum
1235 635 1374 682 ultimi
1409 653 1480 682 se-

84 716 251 777 gmenti
286 712 470 760 dorsalis
503 714 747 776 marginem
780 711 948 758 analem
984 712 1349 758 commensuravi.

178 788 250 836 Ad
283 787 561 835 minuendam
595 789 639 833 in
674 788 912 851 speciebus
947 786 1264 850 dignoscendis
1289 794 1333 832 et
1357 804 1478 832 com—

81 864 286 929 parandis
307 864 567 920 molestiam,
600 862 787 910 tabulas
817 864 1080 925 synopticas
1103 862 1332 908 nonnullas
1356 879 1478 908 com-

79 941 222 1004 posui,
256 957 364 1004 quas
398 939 455 987 ad
487 941 755 986 insectorum
791 937 983 986 studium
1015 937 1133 985 haud
1155 955 1294 1001 parvo
1318 938 1478 983 auxilio

78 1015 173 1064 sore
207 1033 354 1079 spero.

172 1090 534 1138 Fabricianorum
567 1098 776 1154 typorum
812 1098 1014 1136 accurata
1039 1090 1234 1152 cognitio
1258 1105 1359 1134 cum
1384 1089 1477 1133 cui-

80 1169 145 1213 vis
180 1165 466 1228 entomologo
501 1174 685 1228 accepta
721 1183 821 1213 esse
865 1165 1045 1221 debeat,
1087 1163 1306 1227 triplicem
1353 1180 1475 1209 com-

79 1242 208 1304 posui
244 1240 492 1303 catalogum
767 1231 776 1235 i

143 1315 203 1376 1)
237 1314 598 1362 Fabricianorum
632 1324 840 1379 typorum
865 1316 1006 1361 musei
1030 1315 1142 1377 regii
1164 1311 1442 1369 Havniensis,

137 1390 199 1451 2)
235 1389 478 1437 eorundem
512 1391 653 1436 musei
684 1388 993 1446 Kieloniensis‚
1030 1397 1075 1436 et

137 1465 197 1526 3)
230 1463 478 1511 Fabriciani
523 1466 775 1529 systematis
809 1463 1106 1520 Piezatorum,
1149 1462 1295 1527 quoad
1331 1461 1472 1527 Chry-

235 1539 376 1587 sidem
409 1538 590 1586 Linnaei
625 1540 833 1595 continet,
866 1540 1146 1585 revisionem.

170 1614 241 1662 Ad
282 1614 557 1662 illustrandas
593 1613 906 1678 Chrysidarum
949 1613 1218 1677 sculpturam
1253 1621 1298 1659 et
1332 1630 1471 1659 arma-

73 1700 214 1738 turam
254 1692 430 1737 maximi
472 1698 565 1737 erat
597 1691 829 1747 momenti,
870 1697 918 1736 ut
953 1689 1327 1752 descriptionibus
1360 1690 1472 1736 meis

73 1774 299 1813 accuratas
332 1766 542 1813 adderem
577 1765 906 1812 delineationes.
965 1764 1226 1829 Specierum
1261 1766 1470 1827 insignio-

73 1859 146 1888 res
190 1841 353 1888 formas
387 1842 543 1889 artifex
578 1843 786 1905 egregius
820 1842 960 1888 Milde
994 1840 1213 1904 depinxit,
1263 1840 1470 1903 singulari

71 1919 191 1980 regis
223 1919 364 1964 nostri
397 1917 726 1965 clementissimi
759 1935 943 1964 munere
978 1916 1163 1962 adiutus.
1231 1913 1470 1961 Nonnulla-

70 2011 166 2038 rum
199 1994 387 2054 partium
422 1993 793 2048 adumbrationes,
827 1992 994 2038 calamo
1029 1991 1264 2053 scriptorio
1298 1989 1470 2036 rudius-

72 2067 171 2113 cule
213 2066 413 2130 quidem,
462 2069 649 2114 maxima
690 2076 836 2114 tamen
879 2066 1104 2129 diligentia
1145 2083 1170 2111 a
1211 2082 1283 2111 me
1317 2064 1468 2119 factas,

71 2143 188 2206 typis
230 2141 387 2204 ligneis
430 2159 687 2205 expressas,
732 2144 822 2190 suis
855 2142 966 2188 locis
1000 2142 1140 2188 textui
1174 2142 1360 2187 insertas
1395 2158 1466 2187 re-

69 2233 229 2279 penes.

162 2289 440 2338 Mirabuntur
481 2292 668 2340 fortasse
712 2294 786 2358 qui
819 2294 1089 2340 insectorum
1124 2291 1284 2338 formas
1319 2293 1466 2338 multis

66 2367 308 2429 generibus
343 2367 614 2431 distinguere
648 2376 987 2424 consueverunt,
1020 2385 1093 2414 me
1128 2367 1287 2413 divites
1309 2366 1465 2433 Hedy-

67 2441 314 2488 chridarum
350 2451 394 2489 et
418 2442 776 2507 Chrysididarum
811 2443 992 2489 familias
1026 2451 1114 2489 tam
1148 2443 1315 2505 paucis,
1349 2443 1462 2489 illam

64 2517 218 2573 tribus,
251 2517 364 2563 hanc
396 2535 484 2564 uno
519 2534 686 2579 genere
722 2519 1136 2581 circumscripsisse,
1177 2519 1352 2581 species
1387 2537 1463 2565 au-

64 2600 155 2638 tem
196 2600 263 2638 tot
296 2592 569 2639 sectionibus
605 2599 649 2638 et
682 2594 1041 2640 subsectionibus
1076 2593 1291 2640 divisisse.
1361 2592 1462 2640 Plu-

62 2667 184 2714 ribus
218 2668 458 2731 generibus
492 2667 710 2726 adhibitis,
750 2668 899 2717 dicent
933 2669 1005 2727 illi,
1047 2671 1292 2717 sectionum
1328 2678 1460 2734 atque
