1695 3241
409 323 446 364 7.
514 321 719 379 Chrysis.-
749 322 956 365 Phalanx
974 323 1066 365 III.
1360 325 1442 366 179

36 438 336 495 ante-apicalis
368 440 568 480 continua
592 438 775 481 foveolis
806 442 1040 482 numerosis
1072 441 1240 482 minutis
1273 439 1442 482 orbicu-

36 513 150 563 latis;
183 527 325 569 margo
357 513 527 569 apicalis
559 513 700 555 brevis
732 513 956 569 depressus
987 514 1350 556 semicirculariter
1379 530 1442 556 ar-

35 594 200 637 cuatus,
239 602 423 629 summus
464 590 704 629 tenuissime
740 586 1118 638 albo-testaceus,
1158 588 1212 629 ad
1252 595 1440 630 centrum

36 660 62 702 l.
83 661 293 703 lenissime
326 668 366 703 et
398 661 708 703 obsoletissime
731 661 963 717 inaequalis
986 661 1013 702 l.
1036 664 1338 717 integerrimus,
1359 663 1440 705 sub

33 736 154 777 initio
175 738 299 777 seriei
323 738 522 791 utrinque
544 735 699 791 angulo
721 734 881 777 laterali
900 742 1065 777 remoto
1087 735 1284 778 distincto
1303 744 1439 787 acuto,

33 809 114 851 sub
135 810 218 852 hoc
237 810 391 866 angulo
414 812 900 866 arcuato-emarginatus;
922 816 1070 851 venter
1091 811 1441 853 concaviusculo-

33 883 184 939 planus
214 883 344 927 dorso
377 883 595 936 concolor,
625 883 880 940 marginibus
912 891 1221 940 segmentorum
1242 884 1269 926 l.
1293 885 1440 928 fusco-

33 958 59 1000 l.
89 961 458 1015 piceo-scariosis.

117 1034 220 1075 Not.
273 1033 321 1074 In
352 1033 506 1075 Museo
537 1031 808 1074 Berolinensi
838 1033 1193 1088 Hymenopteron
1225 1032 1437 1088 quoddam

33 1107 283 1163 „Elampus
314 1107 555 1163 albipennis
577 1106 689 1147 Kl.”
721 1108 963 1161 inscriptum
996 1114 1153 1148 aestate
1189 1108 1300 1149 1847
1331 1107 1436 1156 vidi;

33 1196 164 1236 quum
187 1195 291 1222 vero
316 1188 566 1223 structuram
594 1182 786 1236 marginis
816 1179 985 1235 apicalis
1016 1183 1218 1237 segmenti
1249 1180 1438 1223 abdomi-

30 1255 137 1296 nalis
169 1256 272 1297 32tii
302 1263 343 1296 et
373 1255 629 1310 sculpturam
662 1256 853 1310 corporis
884 1256 927 1295 in
959 1256 1186 1310 specimine
1207 1255 1437 1311 Klugiano

30 1331 264 1370 accuratius
281 1329 379 1370 mihi
396 1336 600 1371 annotare
623 1328 885 1384 neglexerim,
912 1342 991 1384 pro
1019 1335 1135 1371 certo
1158 1329 1345 1372 affimare
1365 1345 1438 1372 ne-

31 1417 143 1458 queo
165 1410 303 1444 utrum
320 1403 527 1461 Chrys-idi
551 1403 770 1458 albipenni
792 1418 846 1445 an
863 1403 1070 1461 Chrysidi
1089 1404 1303 1446 unicolori
1323 1420 1437 1447 nunc

29 1476 248 1533 descriptis
277 1476 544 1519 refe-rendum
576 1479 628 1518 sit
658 1479 862 1518 insectum
893 1477 1000 1519 illud
1024 1477 1318 1521 Berolinense.

28 1742 218 1792 Phalanx
249 1743 319 1792 ΠΙ.
386 1744 662 1810 Chrysides
707 1763 789 1792 ano
833 1747 925 1792 uni
943 1774 964 1784 -
985 1744 1241 1793 dentatae.
1325 1745 1432 1794 Seil.

379 1824 643 1873 Abdominis
679 1827 899 1890 segmenti
934 1826 1119 1872 dorsalis
1154 1826 1247 1872 32tii
1278 1845 1432 1890 margo

381 1907 560 1968 apicalis
584 1908 757 1969 spiculo
778 1906 958 1953 centrali
981 1908 1237 1952 terminatus
1264 1915 1308 1953 et
1331 1907 1432 1954 hinc

380 1986 801 2042 uni-denticulatus,
835 1993 1025 2049 utroque
1059 1986 1196 2034 latere
1221 1995 1431 2034 arcuato-

382 2067 581 2114 obtusus.

26 2156 164 2211 Hujus
181 2154 400 2210 Phalangis
418 2161 579 2196 tantum
595 2155 622 2195 2
640 2154 812 2209 Species
834 2153 958 2195 nobis
979 2156 1171 2210 cognitae
1192 2162 1303 2207 sunt,
1322 2156 1412 2198 scil.

561 2229 707 2275 Chrysis
731 2229 950 2264 succine-talu
976 2229 1105 2274 Spinol.
1133 2240 1164 2264 et

562 2286 708 2332 Chrysis
738 2286 891 2321 Leaclzei
919 2287 1040 2321 Shuck.

74 2354 258 2400 Chrysidis
283 2365 435 2398 cyaneae
467 2353 615 2394 varietas,
648 2368 732 2398 quae
763 2364 898 2399 propter
927 2364 1120 2387 structuram
1152 2355 1280 2387 anatem
1309 2355 1344 2388 in
1371 2356 1430 2389 hac

140 2412 305 2455 Phalange
323 2411 457 2444 forsitan
476 2410 654 2455 quaeritur,
680 2411 715 2443 in
732 2411 897 2454 Phalange
914 2412 998 2444 Vzta
1024 2424 1108 2457 spec.
1136 2411 1204 2444 102
1230 2411 1402 2446 invenitur.

261 2512 324 2550 97..
382 2510 580 2562 Chrysis
608 2509 916 2549 succinctula
948 2509 1100 2562 Spinol.
1135 2511 1177 2555 Ω.

117 2586 316 2642 oblonga
336 2587 568 2629 mediocris
589 2587 725 2641 2—23
743 2587 817 2628 lin.
846 2587 1040 2628 decimat.
1063 2587 1179 2642 long.
1200 2586 1428 2630 subcrasse

1 2690 4 2714 ,
18 2667 229 2717 pum-tata
258 2677 446 2719 cyanea,
472 2668 658 2718 pronolo
690 2663 850 2715 aulice,
880 2668 1096 2704 mesonoto
1128 2668 1204 2704 aut
1233 2668 1322 2705 toto
1351 2670 1426 2705 aut

1066 2735 1158 2777 12*
