1695 3241
274 289 319 330 F
318 288 433 330 amt‘l.
455 288 757 346 Clarysididae.
796 289 999 346 Chrysis.-
1030 289 1235 331 Phalanx
1263 290 1339 331 VI.
1430 291 1513 332 237

121 405 290 448 Cavitas
335 405 491 446 facialis
522 405 814 461 subprofunda
847 406 1066 448 confertim
1098 406 1519 462 punctulato-coria-

120 493 213 529 cea,
259 478 398 520 medio
445 480 736 531 canaliculata,
778 494 958 535 superne
990 482 1232 536 marginata:
1284 479 1516 536 marginulo

119 558 360 594 transverso
400 554 626 608 inaequali,
680 556 876 609 utrinque
922 553 1124 594 ramulum
1171 554 1517 610 longitudinalem

121 625 339 681 obliquum
371 627 616 682 perbrevem
645 628 901 669 demitte-nte.
948 628 1167 669 Antennae
1191 628 1340 669 breves
1364 629 1518 677 fuscae,

121 702 305 741 crassitie
337 699 580 750 mediocres,
613 701 766 750 fuscae,
799 700 887 741 basi
920 700 1260 756 viridi-cyaneae.
1323 701 1517 757 Clypeus

119 772 341 814 mediocris
373 780 634 815 transversus
660 777 900 829 trapezinus
922 789 1046 829 parce
1068 782 1292 830 punctatus
1315 775 1517 831 depresso

119 846 363 901 subplanus,
385 847 503 889 disco
526 847 719 889 nonnihil
741 863 964 899 convexus,
986 850 1169 904 margine
1190 849 1339 904 apicali
1355 864 1517 890 summo

119 922 242 975 piceo
271 927 477 962 truncato.
529 922 805 963 Mandibulae
836 925 992 978 piceae,
1025 922 1186 969 macula
1220 921 1353 963 basali
1383 923 1518 964 viridi.

119 994 316 1035 Maxillae
348 1002 388 1036 et
419 995 535 1050 palpi
566 995 592 1037 l.
616 995 737 1038 fusco
769 997 795 1038 l.
819 997 927 1038 laete
958 996 1302 1038 brunnescentes.
1351 998 1520 1038 Thorax

119 1068 430 1124 rectangularis,
472 1069 601 1111 dorso
634 1070 1104 1126 depresso-convexus3
1157 1070 1317 1111 dorsuli
1349 1078 1519 1111 suturae

120 1141 337 1183 medianae
377 1142 586 1184 lenissime
619 1158 790 1194 curvae,
831 1144 1092 1192 crenulatae;
1144 1147 1346 1185 metanoti
1377 1144 1520 1199 anguli

119 1216 512 1271 postico-laterales
551 1217 786 1259 mediocres
826 1217 1356 1274 depresso-planiusculae
1389 1221 1520 1260 coria-

120 1303 230 1339 ceae,
262 1304 350 1331 non
381 1291 654 1346 triangulares
687 1299 728 1333 at
758 1306 904 1333 versus
936 1292 1146 1333 abdomen
1177 1307 1331 1333 curvae
1362 1299 1402 1333 et
1422 1293 1521 1334 hinc

124 1372 243 1426 quasi
274 1358 363 1428 Ἀ
390 1373 750 1414 mucroniformes.
792 1373 986 1414 Sternum
1019 1380 1060 1414 et
1091 1373 1221 1429 pedes
1251 1373 1521 1429 punctulato-

122 1447 300 1486 coriacei
341 1445 461 1487 nitidi
498 1446 823 1502 viridi-cyanei,
870 1449 988 1488 tarsis
1029 1447 1243 1489 brunneis.
1307 1448 1409 1489 Alae
1449 1455 1520 1489 aut

121 1518 400 1575 subhyalinae
439 1527 511 1561 aut
542 1520 713 1562 sordide
745 1521 960 1576 hyalinae,
1000 1523 1118 1562 venis
1156 1521 1348 1563 firmibus
1379 1524 1520 1577 piceis,

121 1592 273 1634 cellula
295 1593 441 1635 radiali
458 1595 766 1650 triangulariter
782 1594 1017 1636 lanceolata
1035 1596 1153 1650 apice
1172 1603 1347 1651 anguste
1363 1604 1519 1652 aperta.

122 1666 346 1709 Abdomen
386 1668 615 1724 ellipticum
658 1675 730 1710 aut
768 1671 908 1725 potius
949 1668 1102 1710 obtuse
1140 1669 1521 1731 subrectangulum,

120 1741 384 1796 longitudine
415 1744 561 1798 capitis
592 1743 861 1798 thoracisque
893 1743 1015 1784 simul
1046 1752 1289 1795 sumtorum,
1331 1747 1398 1786 vix
1428 1744 1522 1786 lon-

122 1817 222 1870 gius,
253 1815 474 1856 latitudine
506 1817 698 1867 thoracis,
732 1817 862 1858 dorso
894 1817 1060 1858 modice
1091 1832 1326 1859 convexum
1360 1826 1400 1859 et
1422 1833 1522 1860 con-

124 1889 341 1929 fertissime
381 1888 546 1929 modice
587 1896 849 1943 punctatum,
887 1892 930 1931 in
962 1890 1108 1932 colore
1139 1906 1304 1946 cyaneo
1336 1892 1522 1947 subopa-

122 1977 213 2003 cum
256 1964 297 2003 in
340 1961 486 2003 colore
526 1961 648 2002 viridi
688 1962 712 2003 l.
747 1978 876 2005 aureo
916 1963 1109 2013 nitidum3
1162 1965 1288 2006 fascia
1319 1967 1521 2021 segmenti

122 2039 253 2078 rarius
297 2043 410 2078 recte
442 2043 482 2077 et
514 2036 745 2091 aequaliter
774 2045 1028 2079 transversa:
1075 2054 1161 2094 quo
1194 2041 1236 2080 in
1269 2054 1368 2080 casu
1399 2042 1524 2081 maxi-

122 2126 227 2152 mam
259 2113 457 2166 segmenti
490 2118 650 2165 partem
681 2110 861 2166 obtegit,
892 2111 1106 2168 plerisque
1137 2119 1273 2154 autem
1299 2113 1521 2155 mediocris

124 2192 164 2226 ct
204 2187 339 2225 antice
380 2186 575 2239 utrinque
616 2184 698 2226 late
737 2185 1035 2241 profundeque
1066 2189 1522 2242 arcuato-emarginata

125 2258 323 2315 angulum
366 2258 600 2299 medianum
641 2266 804 2300 acutum
845 2259 1081 2316 elongatum
1122 2275 1286 2301 sursum
1320 2263 1522 2311 emittens,

128 2339 255 2388 atque
286 2339 389 2373 tunc
419 2335 582 2387 pictura
613 2335 812 2388 segmenti
846 2348 868 2373 a
891 2333 1056 2374 duabus
1079 2334 1215 2374 fasciis
1237 2349 1282 2375 re
1304 2349 1401 2375 vera
1424 2348 1522 2376 con-

124 2408 324 2456 stituitur,
365 2405 452 2447 scil.
486 2408 631 2446 antica
662 2413 844 2447 saturate
876 2420 1035 2461 cyanea
1066 2407 1316 2463 remsormi,
1350 2411 1522 2463 postica

125 2488 197 2522 aut
216 2480 485 2522 viridi-aurea
508 2486 579 2520 aut
601 2479 890 2530 rubro-aurea,
914 2482 1050 2521 antice
1072 2480 1522 2523 bis-arcuato-emar-

122 2557 279 2609 giunta
310 2554 464 2610 angulo
498 2552 671 2594 centrali
704 2556 943 2595 acutissimo
975 2568 1134 2595 sursum
1169 2555 1318 2603 ducto;
1359 2558 1519 2611 pictura

125 2630 325 2683 segmenti
355 2629 455 2670 3ztii
489 2626 662 2668 candem
696 2642 868 2683 quoque
900 2628 1073 2670 formam
1107 2628 1313 2671 interdum
1337 2629 1521 2685 praebet,
