1695 3241
581 258 604 298 4
612 288 620 296 .
682 256 904 312 Elampas.
1391 258 1447 298 45

135 371 355 414 Observ.
407 371 587 414 Maxime
619 372 758 414 affinis
791 381 832 414 et
862 372 1004 414 similis
1024 373 1211 428 Elampo
1231 372 1446 426 Panzeri3

47 445 122 488 sed
153 446 428 503 dignoscitur:
468 461 650 502 corpore
680 448 838 502 majore
870 446 1035 497 latiore,
1067 453 1274 502 punctura
1306 447 1449 489 distin-

47 522 188 571 ctiori,
240 519 506 576 postscutelli
552 534 754 562 mucrone
804 519 956 562 obtuse
995 520 1319 576 subtriangulari
1358 520 1444 562 scil.

47 595 166 650 apice
203 593 397 636 distincte
436 597 677 650 angustiore
709 608 833 649 quam
873 596 915 634 in
955 594 1107 636 medio.
1170 594 1446 637 Mandibulae

48 674 89 708 et
119 670 216 710 tarsi
246 667 450 710 brunnea.

390 808 453 846 21.
508 807 731 860 Elampus
760 807 962 846 Panzeri
990 807 1101 846 Fabr.

134 905 376 948 Mediocris
399 908 572 963 Ιὲ--ἳὲ
601 908 676 949 lin.
708 907 902 948 decimal.
934 908 1050 962 long.
1081 907 1447 965 viridi-cyaneus,

47 980 270 1022 abdomine
289 981 625 1034 viridi-aurato,
647 983 795 1023 rarius
816 981 1035 1023 unicolor-e
1053 982 1201 1033 viridi,
1226 987 1447 1036 segmento

46 1056 152 1098 &tio
191 1062 290 1098 ante
329 1059 698 1112 emarginaturam
741 1057 943 1112 utrinque
977 1055 1216 1108 bisinuato,
1250 1063 1447 1110 postscu-

45 1130 144 1171 tello
174 1138 447 1172 mucronato.-
482 1146 684 1173 mucrone
715 1130 1013 1184 rectangularz‘
1043 1132 1166 1185 apice
1195 1137 1448 1171 transversa

44 1203 204 1246 obtuso.

93 1302 241 1347 Chrysis
263 1302 463 1335 scutellaris
488 1302 587 1335 Panz.
607 1303 669 1336 Fn.
690 1302 804 1336 Germ.
832 1303 886 1336 51.
916 1301 971 1335 ll.

93 1358 238 1404 Chrysis
264 1359 419 1392 Panzeri
442 1359 540 1393 Fabr.
568 1360 653 1392 Piez.
683 1359 759 1392 172.
786 1359 822 1401 93
849 1377 892 1382 —
919 1360 1035 1392 lem.
1055 1359 1149 1392 Mon.
1168 1359 1245 1392 Chr.
1274 1359 1324 1393 18,
1354 1359 1405 1392 17.

92 1416 268 1460 Elampus
292 1416 450 1450 Panzeri
466 1418 551 1450 Latr.
567 1418 650 1450 Gen.
666 1417 762 1449 Tom.
778 1417 834 1449 IV.
852 1430 923 1461 pag.
939 1417 1000 1459 453
1017 1436 1057 1441 —
1074 1417 1191 1449 lem.
1205 1416 1338 1461 Dispos.
1356 1417 1387 1449 5.
1413 1415 1446 1449 3.

92 1473 268 1517 Elampus
294 1473 469 1506 Rambari
491 1473 640 1517 Spinola.
667 1486 731 1505 var.
757 1473 877 1506 minor.
904 1474 993 1506 Mus.
1020 1473 1189 1518 Spinolae.

131 1557 313 1599 Habitat
332 1559 376 1597 in
397 1556 509 1597 foliis
532 1563 572 1597 et
591 1555 770 1598 floribus
801 1555 1061 1612 plantarum*
1080 1559 1325 1612 praesertim
1347 1558 1448 1598 Um-

44 1630 312 1683 bellatarum,
351 1633 478 1673 totius
510 1631 708 1686 Europae
747 1646 891 1673 mense
921 1631 1040 1672 Julio
1071 1631 1167 1687 plus
1199 1633 1335 1672 minus
1368 1631 1448 1672 fre-

46 1713 243 1762 quenter3
282 1708 389 1747 intra
428 1705 571 1761 plagas
611 1704 806 1747 boreales
848 1713 986 1747 tamen
1025 1720 1151 1761 parce
1191 1705 1366 1747 obvenit
1407 1711 1448 1746 et

46 1779 296 1835 quibusdam
334 1779 580 1836 regionibus
624 1779 793 1835 quidem
834 1795 928 1821 rara
966 1779 1016 1821 fit
1054 1782 1215 1836 species
1257 1786 1298 1821 et
1337 1779 1445 1820 ultra

46 1855 128 1895 65⁰
158 1853 388 1896 latitudinis
419 1853 602 1895 borealis
635 1853 772 1894 adhuc
801 1867 890 1895 non
922 1854 1157 1895 observata.

133 1927 354 1969 ObserV.
417 1926 587 1981 Corpus
628 1927 878 1981 elongatum.
942 1927 1082 1982 Caput
1123 1934 1163 1967 et
1202 1927 1350 1967 thorax
1386 1927 1445 1966 vi-

45 2000 315 2056 ridi-cyanea,
336 2015 480 2056 sparse
500 2000 664 2041 modice
684 2006 894 2056 punctata.
941 1999 1281 2042 Mandibularum
1305 2001 1445 2054 apices

48 2081 88 2115 et
119 2076 217 2115 tarsi
246 2074 577 2115 flavo-testacei.
639 2074 880 2125 scutellum,
909 2081 1168 2115 metanotum
1199 2080 1240 2115 et
1269 2073 1445 2129 pleurae

46 2147 507 2203 punctam-reticulata.
558 2148 766 2189 Metanoti
795 2162 940 2190 mucro
963 2147 1127 2189 validus
1157 2147 1326 2189 linearis
1348 2147 1444 2188 sub-

44 2222 342 2278 rectangularis
380 2224 498 2277 apice
538 2220 834 2264 obtusiusculo
873 2236 962 2264 non
999 2225 1215 2277 angustior
1247 2236 1370 2276 quam
1401 2224 1445 2262 in

44 2295 205 2345 medi03
250 2311 331 2351 qua
370 2303 471 2337 nota
503 2297 606 2337 haec
637 2299 798 2352 species
837 2296 890 2337 ab
931 2297 1132 2339 affinibus
1172 2303 1283 2337 certe
1316 2302 1356 2336 et
1388 2295 1446 2336 fa-

44 2368 195 2411 cillime
226 2369 504 2426 distinguitur.
555 2371 708 2411 Pectus
738 2370 765 2410 l.
789 2370 1139 2424 viridi-cyaneum
1170 2369 1197 2410 l.
1223 2368 1444 2410 unicolore

43 2443 176 2485 viride
196 2443 223 2485 l.
246 2446 653 2485 aurato-virescens.
704 2443 917 2484 Interdum
950 2451 1074 2499 caput
1106 2450 1145 2484 et
1177 2443 1323 2484 thorax
1355 2445 1444 2484 vio-

42 2516 177 2568 lacea,
217 2525 258 2559 et
289 2519 489 2559 metanoti
527 2531 671 2558 mucro
713 2519 1036 2572 nigro-aeneus.
1100 2516 1323 2558 Abdomen
1355 2516 1436 2572 ple>

43 2605 218 2647 rumque
248 2591 597 2642 viridi-auratum,
627 2590 847 2633 nonnullis
878 2599 1015 2634 autem
1048 2591 1073 2633 l.
1105 2591 1442 2633 rubro-auratum
