1695 3241
571 296 611 326 ο.
672 283 916 341 Holopyga.
1387 286 1440 327 51

43 399 201 441 alarum
232 399 389 454 Holop.
422 406 548 441 ovata
588 400 710 442 nullo
753 401 882 443 modo
920 399 1095 442 diversa.
1157 400 1255 443 Scil.
1287 401 1445 443 mandi-

42 472 170 515 bulae
200 472 545 529 viridi-cyaneae
576 476 695 530 apice
727 474 1112 531 nigro-brunneae.
1165 474 1359 532 Clypeus
1384 479 1443 517 vi-

42 546 153 589 ridis.
201 547 371 590 Cavitas
403 547 559 590 facialis
590 563 750 605 cyanea
775 548 1045 590 subtilissime
1070 551 1280 597 coriacea;
1313 550 1441 600 frons,

41 629 194 672 vertex,
225 636 357 677 genae
384 628 424 663 et
448 629 638 678 tempora
660 623 819 673 viridia,
850 622 1000 664 leviter
1021 626 1316 678 cyanescentia
1337 639 1443 680 pun-
1469 645 1471 649 ⁴

41 698 116 737 ctis
148 695 379 752 majoribus
413 703 454 737 et
483 697 718 738 minoribus
750 696 962 739 confertis.
1011 700 1297 739 Antennarum
1328 701 1440 754 scapi

40 769 358 826 viridi-cyanei,
379 770 544 826 flagella
569 771 856 827 nigro-fusca.
909 770 1039 813 Oculi
1061 773 1175 813 ovati
1196 772 1441 814 mediocres.

40 844 263 886 Stemmata
293 844 524 900 majuscula
556 845 915 901 nigro-brunnea.
971 846 1206 887 Pronotum
1237 845 1370 888 viride
1402 854 1442 888 et

40 917 255 960 dorsulum
277 918 641 975 viridi-cyaneum
673 922 840 976 punctis
872 919 1102 976 majoribus
1136 927 1177 961 et
1206 919 1440 962 minoribus

39 993 259 1034 confertim
291 1001 333 1035 et
362 994 646 1050 irregulariter
675 1002 887 1050 punctata.
950 993 1127 1036 Dorsuli
1157 993 1284 1036 Iobus
1314 996 1441 1036 inter-

38 1066 200 1109 medius
232 1082 328 1109 area
360 1068 493 1110 basali
523 1076 759 1110 transversa
785 1067 1147 1124 subrectangulari
1169 1071 1439 1124 nigro-aenea

39 1140 257 1197 subopaca
288 1145 477 1184 coriacea
515 1142 783 1184 subtilissime
814 1142 1073 1198 punctulata.
1135 1142 1368 1184 Scutellum
1400 1150 1440 1183 et

38 1222 296 1258 metanotum
327 1216 656 1273 viridi-cyanea,
690 1217 865 1273 pleurae
895 1216 1061 1268 virides,
1094 1218 1273 1258 crassius
1306 1223 1348 1258 et
1379 1231 1441 1258 re-

39 1288 238 1344 gulariter
275 1291 747 1346 punctam-reticulata.
819 1292 973 1333 Pectus
1015 1291 1149 1333 viride
1191 1298 1263 1333 aut
1301 1290 1442 1333 viridi-

39 1377 298 1417 cyanescens
330 1368 565 1408 coriaceum
598 1365 786 1408 nitidum.
833 1365 969 1407 Pedes
990 1365 1144 1407 virides
1174 1381 1322 1422 parum
1345 1367 1441 1421 cya-

38 1445 278 1489 nescentes‚
326 1442 445 1480 tarsis
484 1440 628 1481 saltem
667 1442 787 1495 apice
827 1439 1265 1481 brunneo-testaceis.
1334 1439 1440 1480 Alae

37 1509 127 1552 basi
159 1511 308 1553 leviter
338 1512 552 1568 hyalinae,
593 1520 775 1554 ceterum
809 1513 945 1569 ample
976 1513 1191 1564 sordidae,
1232 1515 1350 1554 venis
1380 1515 1441 1554 ni-

37 1585 369 1641 gro-brunneis‚
409 1587 559 1643 tegulis
600 1589 912 1643 nigro-aeneis.
974 1587 1200 1630 Abdomen
1235 1586 1367 1629 breve
1400 1595 1441 1629 et

36 1659 119 1700 late
151 1667 338 1712 ovatum,
378 1669 442 1703 sat
482 1676 734 1712 convexum,
775 1658 1080 1704 confertissime
1120 1667 1367 1717 punctatum
1399 1668 1440 1703 et

37 1734 328 1789 punctulatuin
353 1738 519 1792 punctis
544 1735 773 1793 majoribus
796 1743 837 1778 et
857 1735 1091 1778 minoribus
1112 1737 1257 1786 mixtis,
1288 1750 1439 1777 aureo-

37 1807 182 1850 viride.
243 1811 406 1852 Venter
447 1809 601 1852 nitidus
642 1810 881 1866 subpolitus
918 1812 1182 1866 nigerrimus,
1222 1824 1367 1864 sparse
1399 1816 1440 1850 et

38 1881 246 1925 subtiliter
274 1883 560 1940 punctulatus.

268 2014 331 2054 28.
387 2014 646 2067 Holopyga
676 2021 819 2054 ovata
846 2014 972 2054 Pallas
1000 2028 1049 2074 ez}
1076 2020 1197 2067 parte.

125 2105 321 2148 Robusta
352 2106 607 2160 submagna,
639 2107 870 2148 mediocris
894 2113 967 2148 aut
982 2122 1140 2162 parva,
1175 2106 1343 2160 15—25
1364 2107 1437 2147 lin.

38 2180 229 2221 decimal.
254 2180 368 2235 long.
391 2180 564 2222 thorace
593 2180 618 2221 l.
641 2181 955 2237 viridi-cyaneo
985 2181 1011 2222 l.
1035 2183 1180 2223 antica
1201 2180 1226 2220 l.
1250 2181 1440 2220 mamima

30 2261 160 2310 parte
190 2255 356 2296 dor-sali
387 2261 555 2307 aurato,
579 2262 767 2310 promito
798 2262 839 2297 et
870 2256 1045 2297 dor-salo
1066 2255 1232 2296 „codice
1262 2260 1306 2294 al
1330 2254 1439 2294 irre-

32 2328 249 2382 gulariter
276 2331 509 2384 punctatis‚
542 2329 718 2370 scutella
750 2335 837 2370 toto
861 2336 1085 2383 pune-tato,
1117 2328 1342 2369 abdomine
1363 2342 1438 2368 aa·

36 2409 132 2443 rato
163 2403 188 2443 l.
222 2403 525 2444 aureo-viridi
555 2401 784 2456 corgserlim
818 2402 1094 2456 pune-lalaco,
1136 2402 1220 2443 alis
1259 2401 1439 2443 sordide

36 2476 247 2518 unabrosis
278 2477 373 2519 basi
402 2476 601 2534 hyalinis.

124 2550 306 2593 Habitat
344 2565 422 2607 per
459 2549 660 2606 plurimas
700 2550 900 2605 Europae
941 2552 1154 2605 regiones,
1195 2548 1248 2591 ab
1288 2549 1436 2592 insulis

38 2625 160 2665 maris
190 2624 485 2667 mediterranei
516 2637 652 2679 usque
684 2625 725 2664 in
747 2622 936 2665 Sveciam
967 2623 1156 2675 mediam,
1187 2631 1315 2679 atque
1340 2638 1437 2679 pro-

1103 2697 1169 2739 4*
