1695 3241
219 289 276 329 20
774 284 810 323 l.
878 281 1059 336 Cleptes.

552 400 588 436 5.
636 397 832 448 Cleptes
860 402 1028 436 aurata
1069 397 1199 435 lem.
1230 396 1281 442 0⁷.

308 482 459 523 Parva
493 481 538 535 Ιὲ
559 480 633 521 lin.
665 480 859 521 decimal.
892 480 1007 535 long.
1039 480 1365 536 viridi-cyanea,
1398 478 1622 521 abdomine

223 555 536 606 viridi-aureo,
568 554 652 595 alis
683 552 960 611 subkyalinis.

270 638 385 670 lem.
411 635 544 680 Dispos.
575 635 676 670 1845.
701 637 732 669 2.
760 635 791 669 6.

313 705 491 746 Habitat
530 706 573 745 in
606 706 779 754 Turcia;
819 704 870 746 ad
911 705 1179 761 Bosphorum
1221 719 1243 745 a
1274 704 1329 746 D.
1361 702 1623 757 Hedenborg

226 780 399 830 detecta,
430 779 542 820 Mus.
573 780 675 834 Reg.
708 778 836 820 Acad.
869 779 1023 820 Scient.
1056 778 1197 820 Holm.

311 853 536 895 ObserV.
599 852 760 909 Caput,
802 853 966 904 thorax,
1008 852 1136 909 pedes
1177 859 1472 907 antennaeque
1503 858 1550 892 ut
1581 852 1623 891 in

233 927 398 983 Gleptis
427 930 716 968 semiauratae
739 932 781 976 0²
801 929 929 982 picta,
963 934 1200 968 constructa
1232 933 1274 967 et
1300 925 1484 980 sculpta,
1516 923 1624 965 scul-

224 1008 344 1056 ptura
376 1007 514 1041 tamen
546 999 744 1041 subtilior
777 1007 817 1041 ct
849 1008 972 1056 caput
1014 1002 1148 1041 antice
1187 999 1333 1054 paullo
1365 1001 1492 1053 magis
1525 1012 1625 1039 con-

224 1089 384 1116 vexum.
445 1073 769 1115 Postscutellum
811 1080 950 1114 autem
991 1081 1030 1115 et
1061 1079 1318 1114 metanotum
1351 1071 1526 1112 eandem
1556 1072 1626 1112 ha-

226 1148 327 1189 bent
357 1147 531 1189 formam
564 1154 604 1188 et
635 1147 893 1202 sculpturam
926 1162 973 1188 ac
1008 1149 1050 1188 in
1087 1146 1151 1188 cl.
1184 1147 1339 1201 ignita.
1402 1144 1626 1187 Abdomen

226 1228 358 1263 totum
390 1220 578 1276 undique
609 1220 975 1271 viridi-auratum,
1017 1219 1429 1276 griseo-pubescens
1461 1219 1625 1260 confer-

226 1297 295 1336 tim
316 1294 621 1350 punctulatum‚
654 1302 834 1345 ovatum,
854 1294 1077 1344 mediocre,
1102 1301 1248 1335 ventre
1268 1293 1506 1350 paullulum
1526 1306 1626 1333 con-

225 1370 367 1409 vexius
401 1382 525 1423 quam
558 1367 708 1419 dorso,
748 1371 969 1425 segmentis
1002 1368 1242 1410 dorsalibus
1277 1370 1383 1410 lzmo
1416 1369 1534 1423 apice
1564 1369 1626 1408 in-

225 1442 498 1484 determinate
540 1449 581 1483 et
621 1442 720 1484 2:do
759 1443 922 1484 macula
955 1441 1409 1482 discoidali-continua
1440 1441 1504 1491 (h.
1537 1454 1572 1481 e.
1603 1455 1626 1480 a

226 1516 318 1557 basi
347 1517 390 1555 in
420 1516 578 1569 apicem
612 1514 762 1567 ducta)
793 1514 1115 1569 subrectangula
1140 1513 1624 1570 aeneo-nigricantibus.

227 1588 330 1630 Alae
360 1587 578 1644 hyalinae,
620 1601 708 1629 non
747 1589 944 1630 sordidae
980 1587 1077 1628 licet
1107 1595 1282 1643 propter
1311 1587 1626 1644 pubescentiam

228 1666 281 1704 ita
303 1668 524 1718 apparent3
546 1675 678 1702 venae
701 1660 932 1703 medioeres
954 1661 1117 1710 fuscae;
1144 1661 1297 1703 cellula
1319 1662 1487 1703 radialis
1510 1662 1627 1704 elon-

227 1744 319 1792 gata
350 1735 767 1778 ovato-lanceolata:
808 1734 900 1776 alae
933 1735 1101 1777 dextrae
1133 1735 1341 1791 completa
1373 1735 1460 1777 scil.
1492 1749 1627 1777 venae

228 1809 394 1851 radialis
426 1824 532 1865 apex
562 1809 658 1851 licet
691 1808 911 1851 obsoletus
944 1817 1080 1851 tamen
1111 1811 1335 1865 marginem
1368 1809 1458 1851 alae
1486 1811 1626 1866 tangit,

228 1883 319 1924 alae
349 1885 539 1924 sinistrae
570 1890 713 1939 aperta
745 1891 785 1924 et
816 1885 938 1939 igitur
969 1883 1235 1939 incompleta.

486 2006 522 2043 6.
571 2005 766 2057 Cleptes
797 2006 1052 2044 orientalis
1097 2005 1229 2044 lem.
1258 2007 1300 2051 Ω.

319 2091 514 2134 Robusta
543 2093 590 2146 2}
621 2093 694 2134 lin.
728 2094 922 2134 deci-mal.
955 2093 1070 2147 long.
1103 2095 1261 2149 capite,
1290 2093 1464 2136 thorace
1484 2096 1627 2136 antico

231 2166 538 2222 abdomineque
568 2169 728 2217 aureis,
760 2167 844 2207 alis
860 2165 1013 2221 flascis
1044 2167 1247 2208 sordidis.

317 2239 498 2282 Habitat
528 2241 571 2280 in
604 2240 768 2289 Turcia,
800 2239 908 2280 Mus.
940 2239 995 2280 D.
1028 2240 1250 2282 Drewsen.

319 2313 539 2356 observ.
601 2313 770 2367 Species
812 2315 955 2354 eximia
998 2321 1037 2354 et
1070 2314 1236 2370 elegans
1274 2315 1416 2370 Cleple'
1447 2324 1628 2358 auratae

233 2387 383 2438 affinis,
413 2394 454 2428 at
475 2388 668 2437 crassitie,
699 2387 993 2442 magnitudine,
1025 2390 1197 2443 pictura,
1229 2395 1436 2430 structura
1459 2397 1499 2431 et
1521 2390 1627 2432 scul-

233 2468 355 2517 ptura
393 2460 517 2502 valde
557 2459 732 2501 diversa.
796 2459 965 2516 Corpus
1005 2461 1295 2504 nitidissimum
1333 2462 1555 2505 robustum
1588 2472 1628 2506 et

234 2533 608 2590 proportionaliter
647 2535 823 2575 crassius
864 2549 986 2590 quam
1027 2537 1069 2576 in
1103 2536 1185 2577 ulla
1224 2536 1302 2577 alia
1334 2540 1473 2593 specie
1505 2538 1627 2593 hujus

234 2607 426 2649 Generis.
488 2608 629 2663 Caput
660 2607 806 2649 crebre
838 2616 1079 2663 punctatum
1101 2609 1441 2662 viridi-aureum,
1474 2614 1628 2654 vertice
