1695 3241
244 302 302 343 28
800 299 841 339 3.
906 298 1096 339 Omalus.

242 432 327 458 var.
358 417 396 457 Ie.
459 422 582 470 caput
621 421 662 455 et
699 414 845 455 thorax
888 429 1074 470 cyanea3
1115 414 1351 457 abdominis
1383 415 1554 458 dorsum
1586 420 1648 458 ni-

463 502 749 545 gro-aeneum
782 487 912 529 limbo
944 488 1078 530 viridi.

242 579 326 605 var.
359 566 386 603 τ’.
460 562 611 618 Caput‚'
643 564 788 604 thorax
821 570 861 604 et
893 562 1129 605 abdominis
1152 563 1325 605 dorsum
1347 566 1645 620 nigro-aenea,

462 637 582 693 hujus
615 651 755 693 margo
788 637 944 678 viridis.

330 710 512 753 Habitat
542 713 585 752 in
617 713 763 762 muris,
803 711 1032 768 parietibus
1074 719 1113 753 et
1150 713 1309 753 truncis
1340 711 1564 763 arborum,
1602 713 1646 753 in

242 785 355 827 foliis
387 792 428 827 et
458 785 636 838 floribus
670 786 887 828 hortorum
920 786 1212 836 umbelliferis,
1244 788 1369 828 immo
1403 785 1570 842 quidem
1602 788 1644 827 in

241 859 358 916 gallis
390 859 623 915 plantarum
657 867 813 902 aestate
845 860 939 916 plus
971 863 1105 903 minus
1139 861 1394 915 frequenter.
1458 861 1646 902 Varieta-

240 941 303 975 tes
337 950 373 984 α,
405 950 437 984 c,
469 950 491 975 e
525 934 627 989 ets
649 934 938 990 amplissimam
962 935 1166 991 praebent
1190 934 1526 976 distributionem
1549 947 1647 990 geo-

243 1008 494 1064 graphicam,
533 1007 621 1049 scil.
653 1007 706 1048 ab
738 1009 837 1049 Asia
868 1011 1019 1051 minori
1051 1017 1092 1050 et
1121 1009 1267 1050 insulis
1299 1011 1421 1050 maris
1453 1008 1647 1049 mediter-

240 1084 357 1123 ranei
388 1097 464 1138 per
495 1083 706 1132 Turciam,
739 1081 979 1133 Graeciam,
1010 1082 1188 1133 Italiam,
1220 1084 1475 1138 Hispaniam,
1511 1081 1647 1123 Anda-

241 1156 387 1198 lusiam
419 1163 663 1212 ceterasque
690 1157 888 1212 Europae
919 1159 1113 1213 regiones
1143 1171 1278 1212 usque
1310 1155 1363 1197 ad
1394 1158 1645 1197 vicinitatem

241 1230 386 1272 circuli
423 1230 580 1286 polaris
620 1232 866 1287 Lapponiae
908 1231 1156 1273 observatae
1196 1238 1237 1272 et
1277 1230 1481 1272 collectae
1528 1237 1644 1278 sunt;

240 1306 459 1346 varietates
492 1305 539 1356 b,
578 1305 603 1347 d
643 1312 684 1347 et
710 1322 745 1361 g
775 1308 955 1347 rariores
988 1313 1101 1358 sunt,
1144 1305 1231 1347 scil.
1264 1320 1348 1346 var.
1382 1304 1405 1345 b
1435 1303 1566 1345 semel
1602 1305 1645 1344 in

241 1379 389 1420 Svecia
428 1380 526 1420 mihi
566 1386 607 1421 et
646 1379 775 1421 semel
814 1381 857 1420 in
890 1380 1112 1422 Finlandia
1149 1381 1203 1422 D.
1236 1378 1466 1437 Nylander
1506 1376 1644 1427 obvia,

240 1467 326 1494 var.
358 1453 389 1494 d
417 1455 460 1494 in
494 1453 673 1496 Graecia
704 1469 727 1494 a
759 1455 812 1496 D.
836 1455 966 1496 Loew
999 1462 1039 1496 et
1070 1469 1155 1495 var.
1183 1470 1219 1508 g
1250 1456 1292 1494 in
1326 1453 1505 1495 Graecia
1537 1466 1559 1492 a
1587 1451 1642 1492 D.

241 1527 372 1568 Loew
414 1534 454 1568 et
492 1529 536 1568 in
568 1526 718 1568 Silesia
749 1542 771 1567 a
802 1520 862 1569 D(
895 1527 1040 1569 Zeller
1079 1526 1206 1575 lecta3
1248 1528 1468 1567 varietates
1499 1525 1524 1566 Ιι
1558 1532 1597 1566 et
1631 1527 1645 1565 ἰ

242 1599 531 1641 tantummodo
570 1602 612 1641 in
645 1601 768 1642 horto
801 1601 1071 1642 Berolinensi
1111 1600 1239 1642 semel
1281 1599 1559 1656 deprehendit
1590 1600 1643 1640 I).

241 1673 434 1717 Bouche.

328 1749 396 1790 De
426 1748 596 1790 vivendi
628 1748 756 1790 modo
789 1750 912 1805 hujus
943 1751 1099 1805 speciei
1132 1752 1187 1790 ita
1219 1749 1315 1790 mihi
1348 1749 1512 1804 scripsit
1545 1762 1644 1789 ocu-

240 1823 462 1863 latissimus
495 1823 670 1864 Kollizr:
711 1838 876 1879 „prope
907 1825 1117 1865 Viennam
1158 1826 1199 1864 in
1233 1822 1367 1865 Gallis
1406 1822 1643 1880 Cynipedis

240 1897 474 1951 lignicolae
503 1897 735 1947 nidulatur‚
769 1897 1002 1953 Aphidibus
1035 1898 1197 1954 prolem
1230 1897 1453 1938 nutriens.’'
1486 1921 1541 1926 —
1577 1898 1645 1937 At-

240 1977 378 2011 tamen
417 1970 520 2012 haec
550 1973 687 2027 magni
717 1974 917 2012 momenti
954 1971 1216 2021 observatio,
1259 1986 1380 2026 quam
1414 1970 1507 2012 Cel.
1539 1970 1646 2012 Kol-

240 2044 310 2085 ἰὰν
340 2046 443 2100 grati
472 2044 684 2096 debemus,
715 2047 881 2087 nonita
904 2045 1101 2101 explicari
1123 2047 1267 2101 possit,
1298 2052 1343 2086 ut
1371 2045 1550 2086 Omalus
1571 2060 1646 2086 au-

240 2125 365 2160 ratus
395 2120 485 2174 ipse
518 2118 701 2174 Aphides
733 2121 958 2174 raptaverit
997 2127 1037 2160 et
1075 2122 1118 2160 in
1151 2119 1316 2162 Gallam
1358 2118 1644 2160 introduxerit.

241 2193 346 2234 Mihi
377 2192 508 2233 multo
541 2192 802 2234 verisimilius
845 2200 906 2234 est
947 2193 1152 2248 quandam
1186 2193 1643 2249 Pemphredonidarum

242 2273 311 2307 aut
341 2265 699 2308 Crabronidarum
732 2269 912 2322 speciem
946 2267 1092 2309 Gallas
1125 2282 1148 2308 a
1184 2267 1406 2324 Cynipede
1436 2267 1644 2322 lignicola

241 2343 322 2396 jam
361 2340 526 2382 relictas
558 2356 636 2397 pro
669 2340 770 2383 nido
803 2341 1064 2393 adhibuisse,
1103 2341 1259 2383 ibidem
1297 2355 1378 2382 ova
1410 2356 1483 2382 sua
1515 2340 1645 2397 depo-

242 2417 386 2465 suisse,
418 2414 605 2471 Aphides
635 2429 714 2471 pro
747 2430 819 2457 sua
851 2402 973 2472 prole
1006 2415 1226 2457 nutrienda
1258 2415 1478 2471 collegisse
1511 2423 1550 2456 et
1584 2418 1643 2456 in-

243 2489 489 2531 troduxisse.
561 2489 741 2532 Constat
782 2492 889 2532 enim
932 2493 1094 2546 copiam
1135 2491 1497 2546 Hymenopterum
1537 2490 1645 2531 Acu-

243 2563 466 2615 leatorum,
509 2567 733 2621 praecipue
774 2580 797 2606 e
837 2564 1194 2607 Crabronidarum
1238 2572 1276 2606 et
1317 2563 1645 2620 Pemphredoni-

245 2637 386 2680 darum
428 2638 609 2689 familiis,
650 2638 836 2695 pullulos
876 2653 975 2681 suos
1008 2638 1243 2695 Aphidibus
1283 2640 1462 2681 nutrire:
1506 2653 1553 2681 ex
1586 2653 1641 2694 gr.
