1695 3241
346 249 391 290 F
390 249 504 290 amil.
529 247 844 290 Eucloeroet’dae.
886 248 952 289 11.
975 247 1240 290 Euchroeus.
1406 248 1492 288 365

272 402 345 446 11.
419 401 590 448 Genus
625 399 1034 448 EUCHROEUS
1068 398 1307 447 Latreille.

578 489 663 522 Gen.
691 490 758 522 lus.
782 488 816 522 4.
842 488 1004 523 49;578.

180 575 350 632 Corpus
389 575 601 618 mediocre
641 575 729 617 fere
769 581 816 616 ut
846 577 890 616 in
923 574 1170 632 Hedycltris
1201 581 1497 625 constructum,

92 657 165 692 aut
195 649 406 691 mediocre
438 657 510 691 aut
540 648 826 704 submagiluin,
859 649 994 699 ovale,
1025 648 1402 704 proportionaliter
1431 662 1499 690 ro-

91 723 274 766 bustum.
337 722 478 779 Caput
508 721 728 764 robustum
758 721 1298 778 rotundato—triangulum3
1342 722 1500 764 mandi-

94 797 219 839 bulae
257 799 339 853 jam
379 798 424 838 in
463 803 565 838 nota
596 795 778 837 familiae
810 795 1065 852 descriptam
1115 796 1294 852 clypeus
1327 811 1499 853 magnus

95 871 332 928 depressus,
363 877 433 912 aut
463 877 728 912 transversus
761 877 831 912 aut
862 870 1279 926 sublongitudinalis.

182 945 482 1001 Mesopleurae
519 945 701 986 thoracis
734 946 907 987 omnino
940 952 987 986 ut
1016 947 1059 986 in
1093 945 1323 1001 Spinthari
1352 946 1502 999 singu-

95 1020 181 1060 lari
211 1021 309 1072 (no.
334 1020 436 1070 198,
479 1019 552 1060 cfr.
574 1019 748 1075 figuram
779 1018 963 1072 ibidem)
995 1026 1177 1075 utroque
1216 1021 1336 1075 apice
1373 1018 1503 1073 bispi-

97 1108 241 1135 nosae.

184 1167 290 1208 Alae
331 1174 372 1208 et
408 1166 541 1223 pedes
581 1167 756 1210 eandem
795 1166 952 1209 habent
991 1169 1347 1210 constructionem
1379 1180 1502 1221 quam

97 1241 209 1298 apud
242 1240 465 1298 Chrysidis
503 1244 666 1298 species
707 1242 1021 1298 descripsimus,
1070 1249 1111 1284 at
1151 1241 1305 1283 cellula
1334 1239 1503 1282 radialis

99 1317 155 1357 ita
185 1315 309 1357 valde
340 1316 596 1372 incompleta
626 1323 674 1359 ut
703 1319 746 1358 in
778 1316 994 1372 Spinolia.

187 1389 412 1432 Abdomen
452 1398 524 1432 aut
566 1398 735 1433 ovatum
767 1398 840 1433 aut
871 1398 1025 1434 ovato-
1054 1391 1081 1433 l.
1114 1389 1445 1447 subquadratum
1477 1388 1502 1429 l.

100 1463 481 1520 subrectangulum‚
512 1468 714 1522 segmenti
745 1465 924 1508 dorsalis
956 1467 1058 1508 32tii
1088 1480 1231 1521 margo
1253 1464 1383 1506 analis
1406 1463 1507 1505 den-

100 1537 215 1580 tibus
245 1541 484 1581 numerosis
515 1538 702 1581 robustis
735 1546 806 1581 aut
826 1539 1123 1591 mediocribus,
1154 1542 1332 1581 invicem
1351 1539 1507 1594 magni-

102 1611 249 1654 tudine
280 1612 573 1668 inaequalibus
605 1613 769 1655 lacerus
799 1620 840 1655 et
860 1616 994 1655 minus
1016 1614 1262 1670 regulariter
1281 1618 1476 1654 serratus.

191 1686 370 1742 Species
401 1687 615 1729 Euchroei
646 1690 810 1743 generis
842 1690 866 1730 7
890 1690 1192 1745 cognoscimus,
1230 1687 1317 1729 scil.
1338 1688 1366 1729 3
1386 1686 1509 1743 Afri-

105 1776 239 1802 cauas
271 1767 311 1801 et
343 1762 368 1803 4
400 1763 670 1817 Europaeas.
