1695 3241
160 280 165 283 ·
230 313 311 353 140
619 311 655 350 7.
724 307 929 364 Chrysis.-
965 306 1168 348 Phalanx
1199 308 1237 348 Ι.

479 425 539 463 77.
597 422 796 474 Chrysis
831 423 1037 461 candens
1067 423 1241 462 Germar.
1279 422 1369 468 Ωον.

314 511 542 566 Subparva
572 510 646 550 vix
675 510 703 550 2
735 510 808 550 lin.
835 510 1028 551 decimal.
1061 510 1176 564 long.
1208 508 1429 551 robustula
1458 509 1623 551 modice

218 591 429 642 punctata
458 599 635 641 cyanea,
670 591 868 638 pronote,
908 584 1074 625 dorsuli
1105 585 1221 625 areis
1251 583 1519 635 lateralibus,
1551 582 1623 624 ab·

226 660 495 716 dominisque
515 658 644 700 dorso
665 658 904 714 confertius
922 659 1421 714 punctulato-coriaceo,
1453 659 1624 708 aureis3

225 734 436 787 segmenti
454 734 551 775 3:152·
570 735 769 787 margine
800 733 962 788 apicali
990 748 1166 790 cyaneo,
1198 734 1310 774 serie
1331 731 1626 787 ante-apicali

212 806 409 863 soveolis
449 807 732 849 mediocribus
769 809 1030 860 numerosis,
1070 815 1217 849 ventre
1245 807 1626 862 viridi-nigroque

223 877 341 937 picto
373 881 535 924 modice
549 882 797 937 fornicato,
834 882 918 923 alis
947 881 1137 939 hyalinis
1169 882 1229 923 ad
1256 888 1419 923 costam
1449 879 1627 922 cellulae

226 955 412 996 radialis
442 955 639 997 nonnihil
665 955 878 1007 sordidis,
909 958 1030 997 venis
1047 955 1210 1011 fuscis.

430 1048 512 1082 Mas
535 1048 641 1080 fronte
663 1046 890 1086 immaculata,
916 1048 1034 1080 cellula
1058 1047 1173 1080 radiaii
1199 1047 1371 1092 completa.

275 1105 420 1150 Chrysis
445 1105 651 1149 ephippium
678 1104 778 1147 Ziegl.
806 1114 882 1137 teste
909 1105 1026 1138 Kollar
1052 1105 1138 1137 Mus.
1165 1104 1286 1138 Vienn.

427 1162 578 1196 Femina
602 1164 708 1195 fronte
734 1175 846 1202 aurea,
870 1162 987 1195 cellula
1012 1162 1126 1195 radiali
1151 1161 1362 1206 incompleta.

278 1220 424 1265 Chrysis
440 1220 590 1254 candens
605 1219 755 1252 Germar.
769 1220 831 1252 Fn.
846 1220 912 1253 Ins.
925 1220 1052 1264 Europ.
1067 1220 1124 1253 IV.
1143 1220 1200 1262 133
1219 1219 1305 1262 Klug
1322 1218 1357 1251 in
1374 1218 1460 1251 Mus.
1481 1217 1626 1251 Berolin.

316 1311 498 1354 Habitat
528 1314 572 1353 in
595 1311 820 1354 Germania
851 1311 987 1353 media
1020 1318 1060 1353 et
1090 1310 1353 1353 meridionali
1377 1325 1468 1360 rar„
1496 1310 1552 1351 D.
1572 1309 1626 1350 D.

232 1387 429 1439 Germar,
461 1386 599 1442 Klug,
630 1386 790 1429 Kollar
821 1393 862 1428 et
889 1386 1077 1442 Ziegler.
1133 1386 1180 1427 In
1203 1385 1376 1428 Croatia
1402 1400 1426 1426 a
1446 1385 1501 1426 D.
1527 1383 1631 1425 Ger-

228 1477 323 1503 mar
353 1463 530 1517 primum
562 1460 738 1502 detecta.

317 1535 540 1578 observ.
591 1533 885 1591 Magnitudine
915 1541 956 1576 et
979 1541 1135 1575 statura
1157 1533 1367 1590 Ghrysidi
1386 1533 1630 1574 succinctae

231 1609 388 1659 affinis,
427 1616 468 1649 at
507 1623 590 1650 ano
629 1610 897 1664 integerrimo
939 1615 980 1649 et
1011 1615 1040 1659 ῼ
1078 1608 1217 1649 fronte
1257 1605 1631 1649 aureo-maculata

231 1683 502 1739 dignoscitur.
575 1682 742 1724 Summa
781 1696 886 1724 vero
926 1682 1108 1723 affinitas
1144 1682 1374 1740 Chrysidis
1416 1682 1631 1732 Ger-mari,

231 1757 283 1799 ab
315 1757 393 1798 hac
424 1763 561 1798 autem
592 1759 755 1812 pictura
785 1758 966 1799 thoracis
994 1764 1034 1798 et
1057 1763 1085 1808 Ω
1108 1756 1270 1808 frontis,
1301 1759 1631 1812 praesertimque

230 1830 445 1886 sculptura
477 1830 715 1872 abdominis
747 1830 1026 1887 distinguitur.
1050 1855 1102 1861 —
1127 1830 1270 1886 Caput
1291 1844 1496 1885 cyaneum
1525 1843 1633 1885 pun—

231 1904 622 1960 ctulato-rugosum
654 1912 694 1945 et
724 1904 1081 1954 subreticulatum‚
1115 1911 1144 1954 ῼ
1166 1904 1329 1946 macula
1349 1903 1520 1946 frontali
1551 1917 1634 1944 ma-

232 1993 312 2035 gna
343 1980 497 2034 (supra
529 1985 751 2030 antennas,
782 1981 892 2020 inter
923 1979 1081 2020 orbitas
1113 1981 1215 2030 sita)
1248 1993 1394 2020 aurea:
1431 1992 1559 2033 supra
1591 1984 1632 2018 et

233 2053 340 2094 infra
371 2055 833 2109 arcuato-emarginata
865 2056 1049 2110 margine
1073 2055 1318 2104 virescente,
1349 2058 1392 2103 c?
1413 2053 1532 2094 frons
1563 2054 1634 2093 im-

231 2125 448 2167 maculata.
506 2126 712 2183 ¹Clypeus
751 2135 1014 2169 transversus
1055 2143 1229 2183 magnus
1269 2127 1377 2168 latus
1416 2126 1634 2182 subtrape-

232 2203 371 2251 zinus,
414 2200 554 2242 medio
595 2203 795 2242 continue
842 2200 1117 2251 carinulatus‚
1163 2204 1363 2256 utrinque
1402 2200 1636 2243 subconca-

233 2273 699 2330 viusculo-dep1·essu5‚
730 2277 912 2331 margine
945 2275 1093 2330 apicali
1124 2275 1432 2330 subangulato-
1455 2278 1523 2326 (at
1546 2289 1633 2316 non

234 2348 472 2405 profunde)
506 2352 794 2405 emarginatus.
848 2349 1017 2391 Cavitas
1050 2348 1207 2390 facialis
1239 2347 1378 2390 medio
1410 2347 1633 2404 subpolita,

234 2426 400 2480 parcius
439 2422 650 2465 subtiliter
688 2422 953 2479 punctulata,
995 2422 1197 2464 lateribus
1237 2421 1635 2478 punctulato-sub-

235 2500 425 2539 coriacea
449 2504 489 2539 et
512 2496 939 2555 cinereo—puberula.
981 2497 1204 2539 Antemnae
1225 2495 1457 2538 mediocres
1481 2496 1634 2545 fuscae,

235 2586 386 2627 scapus
426 2587 684 2628 cyanescens
724 2572 750 2613 l.
782 2574 1006 2613 virescens.
1071 2572 1240 2613 Thorax
1279 2585 1463 2627 cyaneus
1504 2570 1634 2613 dorso

238 2645 764 2700 punctulato-reticulatus
787 2647 1014 2696 coriaceus
1045 2653 1232 2703 pronoto
1266 2653 1305 2687 et
1337 2644 1499 2687 dorsuli
1529 2647 1634 2688 areis
