1695 3241
191 264 350 307 Famil.
373 264 674 322 Chrysididae.
712 263 917 322 Chrysis.-
946 265 1153 308 Phalanx
1179 266 1311 308 VIII.
1381 267 1469 310 309

66 381 175 424 Sect.
206 380 282 424 IV.
342 380 592 424 Abdominis
633 380 805 424 dorsum
845 361 1210 439 viridisscyaneum
1250 391 1466 441 segmento

332 454 448 497 22do
481 458 678 512 utrinque
709 456 870 498 macula
901 456 1128 500 rotundata
1160 472 1300 500 aurea.

334 596 419 636 175.
476 596 677 649 Chrysis
705 596 958 636 Schissdtei
984 596 1119 636 lem.
1154 596 1198 640 9..

151 678 325 734 Magna
354 677 402 734 3}
422 681 496 721 lin.
528 682 723 723 decimal.
753 682 870 736 long.
902 696 1050 723 crasse
1072 685 1468 736 punctam-reticu-

66 753 157 795 lata
193 756 427 805 virescens,
474 753 700 795 abdomine
739 755 992 796 creberrime
1025 757 1280 811 punctulum
1318 759 1468 800 viridi-

65 843 246 883 cyaneo,
287 834 507 882 segmento
546 827 659 869 2:110
697 830 899 885 utrinque
937 830 1105 871 macula
1138 846 1281 886 parva
1317 833 1466 875 viridi-

65 908 232 952 anrata,
264 902 347 942 alis
378 901 754 945 brumaescentibus
784 904 938 945 cellula
968 904 1136 946 radioli
1166 906 1387 961 completa.

135 996 280 1042 Chrysis
305 997 539 1043 smaragdum
564 997 806 1032 Westermann
842 998 877 1031 in
902 998 1017 1032 litteris
1042 997 1074 1042 (;
1098 1013 1167 1033 non
1194 999 1278 1034 Chr.
1302 1013 1468 1048 smarag-

203 1055 288 1088 dula
313 1053 412 1087 Fabr.
438 1067 531 1099 quae,
556 1055 727 1089 Americae
751 1056 893 1090 borealis
918 1056 1037 1098 incola,
1062 1056 1096 1090 in
1120 1067 1230 1091 nostra
1249 1058 1333 1091 Sect.
1351 1058 1384 1092 5.
1411 1060 1468 1093 de-

204 1110 322 1156 scripta
347 1109 426 1153 est).

135 1167 280 1214 Chrysis
311 1169 545 1214 smaragdum
577 1169 712 1204 Collect.
739 1170 931 1205 sehestedti
955 1172 1044 1206 Mus.
1071 1173 1150 1215 Reg.
1177 1171 1375 1215 Havniens.,
1406 1173 1467 1207 ubi

201 1226 224 1258 2
249 1226 449 1271 specimina,
480 1227 548 1260 »Ex
573 1228 646 1261 Iud.
674 1228 754 1262 On«
778 1228 949 1274 inscripta,
986 1243 1074 1264 anno
1102 1228 1191 1264 1847
1223 1230 1406 1264 examinavi
1436 1241 1468 1265 et

203 1284 370 1329 descripsi.

150 1352 333 1395 Habitat
362 1356 406 1394 in
427 1352 545 1395 India
577 1353 783 1395 orientali.
830 1354 1053 1410 Specimen
1074 1357 1243 1397 unicum
1265 1358 1309 1398 in
1333 1358 1466 1400 Tran-

64 1425 264 1482 quebaria
295 1427 450 1469 lectum
482 1430 805 1470 communicavit
835 1430 889 1471 D.
917 1429 1236 1482 Westermmm,

148 1500 370 1543 ObserV.
422 1503 603 1558 Propter
632 1503 814 1544 maculas
846 1503 1082 1545 abdominis
1114 1505 1141 1544 2
1162 1503 1466 1547 viridi-aureas

66 1574 273 1633 Chrysidi
303 1575 500 1617 oculatae
528 1576 652 1619 Fabr.
685 1577 886 1628 assimilis,
919 1584 961 1619 at
989 1577 1255 1634 longitudine
1286 1586 1327 1620 et
1357 1579 1468 1621 scul-

60 1657 181 1706 ptura
212 1648 336 1692 valde
369 1649 544 1693 diversa.

148 1724 320 1782 Corpus
359 1739 550 1780 magnum
587 1724 809 1768 robustum
842 1725 1083 1782 elongatum
1113 1725 1357 1770 sublineare
1389 1727 1466 1771 ob-

60 1806 208 1840 tusum.
270 1799 412 1855 Caput
451 1806 492 1840 et
531 1800 678 1840 thorax
716 1800 937 1841 confertim
968 1814 1106 1841 crasse
1135 1807 1336 1856 punctata
1366 1801 1466 1844 sub-

60 1871 278 1913 reticulata
307 1872 466 1923 viridia,
496 1875 663 1923 vertice,
695 1872 882 1924 dorsulo,
913 1872 1162 1929 scutellique
1184 1873 1301 1916 disco
1323 1875 1464 1918 fusco-

63 1948 218 1987 aeneis.
291 1945 433 2002 Caput
478 1944 843 1989 suborhiculatum
890 1946 1025 1988 oculis
1071 1950 1260 1998 exsertis3
1312 1952 1466 1992 cavitas

60 2020 218 2062 facialis
249 2020 449 2077 quadrata
478 2019 773 2076 subprofunda
804 2021 1279 2077 punctulato-coriacea
1300 2023 1465 2066 viridis-

60 2097 172 2145 sima,
203 2094 342 2137 medio
373 2094 650 2150 inaequaliter
680 2094 964 2146 canaliculata,
994 2095 1197 2137 lateribus
1229 2096 1462 2140 albo-seri-

60 2184 143 2220 cea,
174 2184 357 2225 superne
388 2171 633 2230 marginata:
674 2171 858 2226 margine
900 2184 1052 2217 Q
1118 2178 1357 2213 transverso
1403 2174 1466 2215 in-

58 2242 223 2299 aequali
252 2244 443 2286 flexuoso
474 2243 702 2294 subacut03
736 2251 944 2286 antennae
975 2245 1209 2288 subbreves
1231 2246 1374 2288 fuscae
1394 2260 1465 2288 ro-

59 2316 229 2367 bustae,
268 2316 359 2358 basi
398 2317 760 2373 viridi-cyaneae;
813 2319 988 2375 clypeus
1027 2318 1168 2361 brevis
1199 2327 1462 2363 transversus

60 2390 329 2447 p'unctulatus
368 2391 525 2433 nitidus
561 2392 722 2444 viridis,
761 2391 878 2434 disco
910 2393 1104 2434 nonnihil
1135 2407 1367 2446 convexus,
1409 2393 1463 2437 ad

61 2472 247 2507 centrum
277 2468 472 2522 marginis
505 2465 675 2522 apicalis
707 2470 1224 2523 cupreo-aureo-micans
1247 2476 1288 2510 et
1309 2469 1461 2511 leniter

61 2542 563 2596 arcuato-emarginatus3
616 2540 779 2583 labrum
811 2541 1102 2584 semilunatum
1134 2557 1368 2585 convexum
1400 2544 1462 2599 pi-

61 2627 180 2656 ceum
217 2614 419 2665 ciliatum3
470 2614 738 2658 mandibulae
785 2615 957 2669 breves,
1002 2616 1093 2660 basi
1133 2616 1463 2665 aureo-virides,

109 2699 149 2732 11.
1137 2693 1192 2734 21
