1695 3241
391 231 437 272 F
436 232 550 273 amil.
567 230 881 274 Euelnveidae.
925 232 991 276 10.
1014 232 1227 289 Spinolia.
1430 234 1516 276 363

385 390 457 435 10.
528 390 700 436 Genus
738 389 1043 437 SPINOLIA
1078 389 1244 438 lem.

203 486 374 543 Corpus
406 495 450 529 ut
480 491 523 530 in
556 489 838 545 Chrysidibus
870 488 1128 531 normalibus
1160 496 1459 541 constructum,
1491 505 1514 532 a

111 561 269 622 *quibus
317 561 438 603 facile
480 570 520 604 et
560 571 671 605 certe
712 570 756 604 ut
795 565 1011 618 proprium
1053 563 1201 606 Genus
1249 564 1516 620 distinguitur

114 637 296 690 margine
337 635 447 676 auali
487 639 687 692 segmenti
728 636 1018 690 (abdominis)
1058 636 1235 679 dorsalis
1269 640 1395 689 tertii,
1443 640 1514 694 qui

114 707 336 750 denticulis
377 712 725 751 numerosissimis
764 712 932 751 minutis
971 709 1385 767 submicroscopicis,
1431 726 1515 753 ma-

111 780 328 837 gnitudine
360 790 400 824 et
431 783 565 824 forma
595 786 771 826 invicem
803 783 1050 840 aequalibus
1070 787 1265 836 munitus,
1296 787 1513 836 concinne,

111 855 380 898 subtilissime
430 865 470 898 et
517 858 820 900 confertissime
859 858 1089 900 serrulatus
1131 866 1272 901 exstat.
1341 860 1512 915 Species

111 930 401 972 tantummodo
434 934 556 973 unica
589 932 726 974 adhuc
757 935 934 989 cognita,
965 932 1052 974 scil.

402 1072 491 1110 202.
545 1072 766 1125 Spinolia
794 1073 1050 1124 magnifica
1078 1071 1211 1110 lem.

196 1156 369 1211 fflagna
399 1157 427 1198 3
448 1157 521 1198 lin.
545 1157 737 1198 deeimal.
760 1157 875 1211 long.
897 1157 1073 1198 robusta
1095 1156 1260 1196 modice
1282 1162 1512 1210 punctato-

108 1232 307 1272 coriaeea
338 1246 511 1287 cyanea,
545 1231 725 1272 maculis
754 1234 927 1273 verticis
957 1233 999 1284 2,
1024 1237 1231 1285 pronote,
1262 1231 1382 1272 vittis
1413 1230 1512 1271 dor-

109 1304 194 1344 suli
233 1304 261 1344 2
292 1305 552 1361 seutelloqne
589 1305 922 1358 viridi-aureis,
972 1305 1213 1346 abdominis
1252 1304 1383 1345 dorso
1407 1319 1512 1359 pur-

102 1394 419 1433 pureo-aureo,
450 1388 596 1421 ventre
624 1381 766 1434 igneo.

193 1452 376 1494 Habitat
405 1456 448 1494 in
483 1455 646 1505 Tui-cia,
678 1453 729 1495 ad
755 1452 1186 1512 Constantinopolum
1218 1468 1240 1494 a
1263 1453 1388 1494 Dom.
1409 1450 1511 1500 Fri—

104 1525 299 1583 waldslaey
330 1526 505 1578 detecta,
539 1528 649 1568 Mus.
672 1528 798 1569 Dom.
823 1527 1038 1583 Spinola,
1074 1530 1147 1582 qui
1179 1529 1346 1568 unicum
1379 1527 1509 1585 speci-

106 1615 199 1642 men
231 1603 564 1642 communicavit.

192 1674 413 1716 Observ.
476 1675 649 1730 Species
689 1682 864 1732 propter
901 1681 1149 1718 structuram
1189 1676 1383 1732 marginis
1416 1688 1512 1717 ana-

106 1748 156 1789 lis
190 1749 413 1804 (segmenti
445 1748 681 1789 abdominis
713 1751 840 1800 32tii)
872 1748 996 1789 valde
1027 1749 1266 1805 singularis;
1313 1762 1408 1788 nam
1449 1754 1510 1788 ta-

106 1822 186 1863 lem
218 1822 403 1872 formam,
436 1822 598 1876 qualem
630 1822 738 1862 hane
760 1847 815 1852 —
836 1836 912 1877 per
934 1828 1068 1863 totum
1091 1823 1510 1877 Hymenopterorum

107 1895 503 1951 Chrysidiformium
535 1894 725 1936 ordinem
761 1921 811 1927 —-
845 1902 967 1937 antea
998 1909 1086 1936 non
1118 1894 1225 1944 vidi;
1256 1893 1371 1936 unde
1401 1895 1510 1936 hanc

105 1976 350 2011 structuram
390 1969 640 2026 singularem
679 1969 732 2011 ad
773 1970 920 2012 Genus
966 1971 1182 2025 proprium
1229 1970 1508 2024 pertinentem

106 2043 369 2086 consideravi
402 2043 664 2100 eandemque
696 2046 866 2086 nomine
889 2045 967 2089 viri
987 2043 1169 2093 illustris,
1200 2043 1376 2085 Domini
1397 2043 1506 2084 Mar-

105 2120 270 2173 quisani
302 2117 600 2161 Illamimiliam’
631 2117 837 2174 Spinola9
885 2120 952 2159 cui
992 2120 1164 2159 scientia
1197 2117 1508 2174 entomologica

104 2206 181 2247 per
217 2191 432 2234 saeculum
472 2191 684 2234 dimidium
717 2207 863 2250 magna
895 2191 1021 2234 debet
1052 2191 1280 2242 beneficia,
1329 2192 1508 2247 conjun-

105 2280 202 2322 gere
234 2280 359 2307 ausus
391 2280 494 2308 sum.

193 2340 361 2396 Corpus
392 2339 613 2382 robustum
646 2355 830 2382 crassum
862 2338 1222 2395 canopubescens.
1276 2337 1419 2394 Caput
1448 2337 1506 2379 la-

105 2420 190 2454 tum
226 2413 740 2470 rotundato-triangulum
774 2428 998 2470 cyaneum,
1046 2415 1202 2454 vertice
1232 2411 1353 2454 brevi
1383 2411 1505 2454 viridi

104 2489 298 2544 utrinque
338 2489 501 2530 macula
540 2488 834 2530 viridi-aurea.
896 2489 1040 2529 Facies
1082 2487 1206 2543 plana
1238 2485 1505 2543 punctulato-

105 2564 293 2605 coriacea
324 2563 641 2618 viridi-cyanea
673 2561 812 2604 medio
846 2561 1131 2604 canaliculata.
1184 2562 1406 2603 Antennae
1435 2574 1504 2602 ro-
