1695 3241
584 247 623 285 6.
686 244 974 302 Hedyclerum.
1425 247 1480 286 79

129 359 355 406 Hedychrum
380 361 576 395 lucidulam
602 372 678 396 var.
705 363 813 396 Zeller
838 362 871 395 in
898 362 1019 396 lium-is.

128 417 354 463 Hedychrum
385 420 510 452 ardens
547 420 632 454 Lair.
666 429 742 453 teste
773 419 875 466 Klug
912 420 946 452 in
979 420 1065 452 Mus.
1101 419 1264 459 Berolin„
1302 419 1479 452 VVesmae'l

195 476 274 510 Not.
303 474 335 508 4.
357 474 392 508 2.

109 566 193 593 var.
215 552 255 594 d.
309 557 352 602 0⁷*
385 553 536 607 15—:3
567 551 638 593 lin.
671 551 856 594 decimal.
891 553 1003 608 long.
1076 553 1215 609 Caput
1256 560 1296 595 et
1335 552 1479 594 thorax

310 625 629 682 viridi-cyanea
661 634 733 668 aut
765 626 1126 682 cyaneo-viridia.

128 707 275 754 Cllry8i8
305 709 409 754 regia
439 709 540 742 Fabr.
572 710 611 742 Ε.
638 710 671 742 S.
697 709 730 742 2.
761 709 842 742 233.
870 708 928 752 Ῑ9;
963 709 1046 743 Piez.
1085 710 1159 745 175.
1185 710 1250 752 263
1282 710 1378 742 Panz.
1414 708 1477 740 Fn.

198 766 311 799 Germ.
337 766 392 800 51.
418 765 450 800 9.

127 822 352 868 Hedychrum
377 823 518 869 regium
544 823 721 856 VVesmafssl
747 823 823 856 Not.
850 823 881 857 5.
906 824 939 857 5.

127 880 350 926 Hedychrnm
375 881 533 915 aulicum
560 879 789 925 christophori
814 881 902 914 Mus.
928 882 1094 927 Spinolae.

125 937 350 983 Hedyclzrmn
376 944 580 983 congestum
606 938 694 979 Klug
718 938 806 972 Mus.
831 938 979 972 Berolin.

127 994 352 1040 Hedycltrnm
375 996 542 1039 pedalum
569 994 654 1037 Klug
678 995 767 1027 Mus.
793 995 940 1028 Berolin.

130 1051 352 1097 Hedyclzrum
377 1052 576 1086 riridicolle
600 1052 686 1094 Klug
711 1053 799 1085 Mus.
826 1051 972 1085 Berolin.

128 1109 352 1154 Hedycltrum
378 1111 529 1143 alterum
555 1110 688 1142 Dusour
711 1109 745 1142 in
773 1109 831 1144 lin.

130 1165 278 1211 Chrysis
304 1167 422 1200 unalis
448 1167 556 1200 Zeller
581 1167 614 1199 in
640 1166 763 1200 litteris.

168 1250 380 1293 Habitant
411 1253 630 1293 varietates
662 1251 686 1291 b
718 1258 758 1292 et
789 1252 820 1292 d
846 1265 921 1306 per
942 1257 1070 1292 totam
1093 1251 1306 1307 Europam
1329 1265 1352 1291 a
1375 1251 1479 1290 Tur-

79 1327 141 1365 cia
173 1324 436 1367 meridionali
461 1333 501 1366 et
521 1326 665 1367 insulis
687 1328 809 1367 maris
840 1325 1132 1367 mediterranei
1156 1339 1291 1381 usque
1312 1326 1354 1365 in
1377 1325 1479 1365 Sve-

79 1401 182 1439 eimn
223 1398 397 1439 mediam
439 1406 479 1439 et
515 1399 829 1441 meridionalem
862 1400 887 1441 l.
920 1400 1163 1455 frequenter
1194 1399 1221 1440 l.
1252 1413 1394 1454 parce:
1437 1401 1478 1439 in

79 1471 327 1514 Gottlandia
367 1472 438 1512 has
478 1474 699 1514 varietates
737 1475 779 1514 in
818 1473 971 1528 copula
1004 1473 1331 1515 observavimus.
1393 1474 1479 1513 Va-

79 1548 202 1588 rictas
235 1562 258 1588 c
288 1560 383 1587 raro
417 1545 593 1588 obvenit
624 1546 809 1589 Galliae:
840 1547 1072 1598 Latreille,
1104 1546 1271 1588 Siciliae
1304 1553 1344 1587 et
1375 1546 1481 1587 Sile-

79 1623 184 1662 siae:
221 1619 379 1673 Zeller,
410 1620 785 1676 Brandenburgiae
817 1622 859 1662 in
891 1621 1016 1662 horto
1038 1620 1326 1662 Berolinensi:
1359 1619 1479 1662 Bou-

78 1694 167 1736 che'.
219 1696 475 1737 varietatem
508 1711 535 1736 a
566 1702 725 1737 tantum
757 1697 800 1736 in
830 1695 967 1736 insula
992 1694 1149 1737 Rhodo
1181 1694 1374 1750 legerunt
1394 1694 1480 1736 He-

83 1768 275 1824 denborg
305 1776 346 1810 et
376 1769 519 1811 Loew.

167 1842 260 1885 Cel.
278 1843 581 1895 Wakkenaer,
614 1846 657 1885 in
689 1858 819 1898 opere
851 1843 1026 1884 classico
1045 1841 1282 1882 Memoires
1309 1857 1386 1882 sm·
1415 1842 1479 1882 les

81 1917 277 1959 Halia-les
308 1924 554 1972 sequentem
585 1919 720 1970 magni
750 1917 951 1957 momenti
974 1915 1313 1956 observationem
1342 1914 1480 1970 publi-

81 1993 208 2032 cavit:
248 2006 337 2041 „un
369 1990 442 2032 des
475 1990 569 2046 plus
602 1988 750 2031 faibles
782 1989 835 2031 de
866 2004 935 2031 ces
968 1990 1154 2031 ennemis
1187 1988 1261 2030 des
1291 1989 1477 2030 Halictes

79 2071 173 2114 „est
204 2064 243 2105 la
280 2063 461 2121 Chrysis
491 2064 695 2117 Ιαοὶἀιιῖα,
727 2067 783 2105 οὺ
816 2063 856 2104 la
887 2063 1062 2105 nontaeche
1092 2063 1222 2104 dor-ee
1252 2062 1478 2115 brillanle3

79 2138 191 2188 „elle
222 2152 267 2180 se
299 2138 458 2179 conche
488 2137 528 2179 le
565 2138 658 2194 plus
699 2144 881 2179 souvent
913 2143 935 2178 ὸ
968 2138 1061 2179 cete
1093 2136 1152 2178 du
1183 2144 1282 2178 trou
1313 2136 1366 2178 de
1397 2152 1477 2179 nos

77 2211 281 2262 „abeilles
303 2211 554 2265 (Halictes)‚
586 2212 770 2254 derriere
801 2212 840 2253 le
871 2219 1053 2267 rempart
1085 2213 1156 2266 qui
1188 2210 1404 2261 l'entoure‚
1437 2219 1478 2252 et

77 2288 180 2341 „qui
221 2293 283 2328 est
325 2286 457 2328 sorme'
498 2302 573 2342 par
611 2286 672 2328 les
713 2286 916 2342 parcelles
956 2285 1008 2326 de
1049 2292 1158 2326 terre
1195 2285 1368 2339 qu'elles
1402 2294 1477 2327 ont

77 2361 279 2410 „retire'es
311 2360 369 2401 du
404 2367 511 2402 [rou.
555 2362 635 2401 J'ai
666 2376 722 2401 vu
745 2360 1093 2414 quelques-unes
1125 2358 1178 2399 de
1210 2373 1278 2400 ces
1301 2358 1478 2416 Chrysis

76 2448 152 2484 „se
183 2434 329 2490 glisser
359 2449 461 2476 avec
492 2433 660 2475 adresse
683 2440 722 2475 et
744 2431 1030 2489 promptitude
1052 2431 1155 2473 dans
1178 2431 1218 2473 le
1241 2439 1348 2484 trou,
1375 2437 1477 2476 mais

76 2509 146 2563 „je
185 2522 240 2549 ne
279 2508 339 2550 les
381 2511 417 2549 ai
457 2510 576 2563 point
616 2521 717 2548 vues
756 2509 893 2548 sortir.
962 2506 998 2546 Il
1028 2508 1164 2547 arrive
1197 2520 1351 2549 encore
1383 2507 1476 2564 plus

77 2581 408 2637 „frequemment
441 2597 524 2638 que
556 2596 625 2623 ces
643 2580 819 2636 Chrysis
849 2588 948 2623 sont
979 2594 1213 2637 appergues
1243 2596 1319 2636 par
1343 2597 1401 2624 un
1423 2582 1476 2624 de
