1695 3241
556 247 594 287 6.
658 246 944 304 Hedycltrum.
1396 252 1452 293 83

278 362 410 411 aenei,
439 361 657 404 scutellum
690 363 1185 414 viride-immaculatum3
1226 363 1451 408 Abdomen

276 434 426 476 viridi-
436 444 634 479 auratum.

97 515 244 562 Chrysis
267 515 413 562 integra
437 518 555 553 lem.
582 520 678 554 Mon.
705 519 780 553 Chr.
810 520 863 554 16.
892 520 950 563 15;
975 521 1014 554 E.
1042 522 1084 555 H.
1111 522 1166 555 35.
1192 522 1250 556 20.
1277 536 1343 556 var.
1367 525 1400 556 b.

94 573 320 620 Hedychrum
344 574 524 620 integrum
549 577 666 612 lem.
691 577 824 622 Dispos.
849 575 882 610 3.
908 577 940 610 5.

76 667 161 694 var.
184 653 220 695 b.
274 660 417 695 vertex
455 661 580 710 atque
611 655 749 698 discus
781 657 954 711 pronoti
986 663 1027 697 et
1058 655 1219 698 dorsuli
1250 672 1330 700 nec
1358 673 1447 700 non

273 726 387 769 basis
426 728 590 771 scutelli
632 735 983 777 aeneo-auram
1034 728 1260 772 Abdomen
1301 731 1448 774 viridi—

275 809 474 844 auratum.

94 882 242 928 Chrysis
265 884 410 931 integra
436 886 552 919 lem.
580 886 621 921 E.
638 886 679 920 H.
707 887 726 918 Ι.
746 899 773 920 c.
800 900 864 920 var.
882 900 910 920 a.

73 975 159 1003 var.
182 978 217 1004 c.
274 971 435 1016 vertex,
467 972 713 1021 pronotum,
742 965 980 1017 dorsulum‚
1011 966 1229 1008 scutellum
1261 973 1303 1008 et
1333 966 1444 1007 basis

273 1039 538 1092 postscutelli
569 1046 762 1095 cuprata;
796 1038 1018 1081 Abdomen
1050 1040 1407 1082 viridi-auratum.

92 1119 317 1165 Hedychrum
341 1122 518 1158 minutum
543 1124 659 1158 Pellet.
683 1125 819 1158 secund.
847 1124 1006 1168 Spinola.

90 1176 317 1222 Hedyelcrum
342 1178 508 1224 Dupomi
531 1182 620 1215 Mus.
648 1182 819 1225 Spinolae
844 1179 1032 1226 (specimen
1056 1194 1074 1214 e
1099 1181 1231 1215 Mexico
1241 1179 1266 1224 ).

92 1233 238 1280 Chrysis
263 1237 595 1282 caeruleo-cephala
621 1238 756 1282 Megerl.
782 1239 871 1271 Mus.
895 1237 1017 1272 Vienn.
1043 1248 1118 1272 teste
1144 1237 1285 1272 Kollizr.

91 1290 267 1335 Elampus
283 1293 450 1339 fervidus
478 1295 562 1338 Klug
588 1295 675 1329 Mus.
701 1294 849 1329 Berolin.

133 1390 315 1434 Habitat
343 1393 557 1436 mensibus
585 1396 721 1437 Junio
745 1420 798 1428 --
821 1395 1012 1451 Augusto
1043 1397 1087 1436 in
1117 1393 1224 1437 locis
1254 1398 1444 1438 arenosis

42 1478 123 1506 nec
150 1477 241 1506 non
270 1466 315 1507 in
345 1465 458 1508 soliis
491 1474 532 1508 et
562 1467 740 1509 floribus
770 1468 1005 1523 plantarum
1037 1482 1113 1523 per
1141 1468 1341 1523 plurimas
1361 1470 1446 1512 Eu-

41 1552 175 1595 ropae
212 1541 424 1596 regiones,
492 1541 714 1598 Exemplar
752 1543 963 1583 varietatis
1002 1557 1027 1582 e
1067 1555 1090 1583 e
1128 1542 1295 1585 Mexico
1334 1557 1359 1584 a
1388 1543 1444 1586 D.

41 1613 226 1669 Dupont
253 1622 511 1670 reportatum
544 1618 587 1657 in
617 1617 772 1658 Museo
803 1615 960 1658 Excell.
993 1614 1203 1671 Spinolae
1233 1617 1445 1675 („Hedy-

40 1686 188 1730 chrum
216 1688 419 1744 Duponli
448 1690 597 1745 Spin.'’
626 1692 911 1742 nominatum)
944 1692 1185 1732 examinavi.

129 1761 354 1804 observ.
409 1764 524 1805 Inter
553 1766 737 1806 minores
761 1764 995 1821 Chrysides
1025 1765 1128 1807 haec
1158 1765 1321 1820 species
1350 1766 1442 1820 jure

41 1834 211 1889 quidem
241 1837 519 1889 numeranda,
549 1838 648 1880 licet
677 1838 796 1880 nullo
828 1837 957 1879 modo
990 1840 1148 1879 minuta
1178 1837 1260 1878 dici
1289 1845 1441 1893 potest,

42 1908 389 1964 quandoquidem
419 1910 642 1966 longitudo
680 1913 871 1966 corporis
909 1911 1060 1952 lineam
1101 1909 1345 1952 decimalem
1376 1926 1442 1953 su-

40 1988 173 2037 perat.
210 1981 488 2025 Mandibulae
510 1986 628 2039 apice
649 1983 879 2036 brunneae,
909 1984 1000 2026 basi
1021 1986 1288 2026 virescentes.
1337 1985 1441 2042 Cly-

40 2070 144 2110 peus
185 2062 227 2097 et
265 2056 392 2097 facies
431 2055 457 2097 l.
488 2057 641 2099 virides
681 2058 708 2099 l.
741 2064 1043 2114 cyanescentes
1085 2065 1125 2099 et
1163 2057 1258 2114 plus
1304 2062 1439 2101 minus

40 2131 240 2180 nitentes,
285 2129 390 2170 haec
431 2131 541 2172 inter
579 2131 779 2187 clypeum
818 2139 859 2174 et
899 2131 1047 2174 oculos
1087 2133 1440 2176 concaviusculo-

39 2202 165 2258 plana
184 2201 453 2245 subtilissime
475 2205 779 2248 confertissime
799 2205 1272 2262 punctulato-coriacea.
1301 2207 1438 2249 Frons

38 2283 78 2318 et
115 2283 258 2319 vertex
298 2277 518 2320 confertim
557 2279 821 2335 punctulata,
859 2280 950 2321 aliis
990 2279 1308 2330 subreticulata‚
1347 2280 1438 2322 aliis

37 2351 589 2408 coriaceo-subgranulosa.
640 2354 862 2395 Antennae
883 2353 1093 2403 robustae,
1123 2367 1272 2409 scapus
1293 2353 1437 2396 viridis

36 2432 106 2467 aut
126 2424 529 2482 viridi-cyanescens
549 2425 855 2477 breviusculus‚
877 2426 1085 2483 flagellum
1107 2426 1283 2468 fuscum.
1324 2428 1439 2470 Tho—

35 2501 140 2540 racis
162 2498 336 2542 dorsum
359 2506 400 2542 et
420 2500 711 2556 mesopleurae
733 2499 859 2543 Iobus
882 2515 1035 2556 parvus
1057 2500 1302 2557 regulariter
1331 2516 1436 2557 pun-

35 2571 467 2625 eiulatu-reticulata,
507 2581 548 2616 at
587 2577 751 2631 punctis
791 2574 955 2617 levibus
996 2590 1074 2617 nec
1104 2574 1326 2631 profundis
1356 2589 1436 2618 nec

1106 2648 1170 2690 6*
